3156 4966
647 478 823 534 *17-

210 649 385 737 Apollonii
401 649 639 733 Argonautica
657 671 735 716 cum
753 649 891 716 scholiis
908 650 1154 735 antiquissimis
1171 652 1272 716 etiam

208 758 374 845 Aeschyli
409 765 512 844 atque
547 758 728 844 Sophoclis
763 758 970 844 tragoedias·
996 761 1174 826 continens
1206 761 1272 848 pri·

210 871 357 935 marium
368 870 481 934 locum
492 889 551 934 suc
562 868 636 933 iure
649 869 740 933 inter
753 891 870 934 omnes
886 869 991 935 libros
1006 891 1086 936 mss.
1102 867 1271 952 tuetur.³⁷)

210 985 323 1064 Atque
342 978 487 1046 eundem
500 979 678 1045 Charetem
698 980 802 1043 latere
825 977 929 1044 schol.
948 979 1099 1044 eiusdem
1114 979 1274 1066 Apollcn.

209 1088 321 1154 Rhcd.
332 1090 389 1171 IV,
406 1089 489 1152 1470
512 1093 605 1152 recte
620 1088 796 1176 perspexit
811 1087 1046 1171 Susemihlius,
1070 1089 1160 1174 quod
1176 1089 1271 1156 codd.

210 1199 408 1264 memoriam
435 1196 542 1283 Χάρις
570 1197 742 1264 verissime
765 1200 879 1285 Χάρης
917 1197 1165 1264 emendandam
1199 1219 1272 1263 esse

93 1303 94 1306 '
211 1330 253 1372 ex
287 1306 394 1372 altero
429 1305 533 1372 schol.
567 1305 750 1392 Apollonii,
786 1310 828 1372 de
859 1329 926 1394 quc
954 1309 1054 1374 modo
1087 1308 1272 1395 disputavi·

210 1437 295 1494 mue,
318 1414 548 1502 pulcherrime
566 1421 722 1501 apparet.
768 1421 818 1482 Ac
840 1439 962 1505 parum
978 1439 1106 1499 vereor,
1129 1440 1172 1482 ne
1196 1417 1272 1482 aliis

209 1526 378 1592 violenter
400 1525 437 1588 in
460 1525 524 1590 hac
547 1547 584 1591 re
608 1526 719 1610 egisse
742 1526 861 1592 videar
875 1527 1153 1614 ponderantibus
1170 1541 1272 1610 quam

210 1635 313 1701 facile
336 1635 492 1701 itacismo
515 1635 732 1700 librariorum
756 1635 869 1723 Χάρης
891 1638 929 1700 in
950 1633 1059 1721 Χάρις
1082 1658 1271 1722 corrumpe·

209 1751 314 1827 retur,
343 1744 435 1829 quod
458 1743 592 1830 saepius
615 1743 779 1808 accidisse
807 1745 965 1832 exempla
997 1767 1100 1832 supra
1128 1745 1272 1811 collecta

209 1853 403 1920 luculenter
425 1851 605 1937 docent33)
652 1852 747 1930 Quae
771 1876 848 1919 cum
871 1853 922 1917 ita
945 1853 1025 1934 sint,
1049 1853 1139 1918 duos·
1161 1875 1272 1937 gram·
1370 1853 1372 1858 ’

210 1963 355 2030 maticos
378 1960 559 2026 Charetem
583 1960 849 2046 Chaeridemque
873 1959 1042 2045 distingui
1065 1982 1165 2047 posse
1188 1961 1273 2028 mihi

209 2072 374 2162 persuasi,
400 2091 503 2156 quam
527 2070 726 2157 opinionem
741 2069 951 2158 procedente
967 2068 1083 2134 libello
1104 2069 1201 2135 novis
1216 2069 1272 2135 ad-

209 2181 385 2249 miniculis
407 2180 532 2247 fulcire
555 2203 625 2247 non
637 2181 749 2248 deero.
795 2179 1053 2244 Verumtamen
1076 2202 1095 2244 e
1118 2200 1154 2244 re
1169 2179 1274 2244 fuerit

209 2291 285 2380 ipso
309 2291 342 2357 h.
365 2290 388 2356 l.
411 2297 533 2355 notare
557 2297 799 2376 argumentum
833 2287 1004 2373 quoddam
1038 2287 1271 2372 novissimum,

212 2401 302 2487 quod
327 2399 485 2486 equidem
509 2400 650 2465 minime
674 2398 866 2488 presserim,
892 2397 950 2466 sed
974 2397 1034 2462 alii
1063 2396 1211 2464 fortasse
1238 2399 1273 2462 in

212 2510 486 2575 testimoniorum
520 2508 649 2594 inopia,
685 2529 753 2595 qua
786 2517 997 2595 premuntur,
1032 2506 1152 2574 additu
1179 2507 1272 2572 haud

212 2616 393 2702 indignum
412 2617 600 2703 putabunt:
625 2624 759 2683 constat
778 2616 870 2703 apud
885 2616 1128 2700 grammaticos
1143 2637 1274 2683 morem

212 2723 321 2790 fuisse
345 2725 437 2789 inter
458 2725 527 2790 alia
550 2728 706 2813 exempla
729 2724 834 2790 etiam
856 2725 996 2791 nomina
1010 2725 1150 2812 propria
1166 2747 1273 2811 eaque

212 2834 386 2902 interdum
402 2835 547 2899 aliorum
562 2833 865 2918 grammaticorum
880 2857 919 2899 ac
935 2833 1158 2922 tribulium39)
1175 2836 1274 2903 verbi

214 2966 317 3011 causa
339 2965 506 3032 promere,
543 2942 653 3010 veluti
687 2942 835 3029 scriptor
867 2944 980 3026 Etym.
1005 2943 1053 3010 Μ.
1075 2968 1109 3032 p.
1132 2946 1208 3028 475,
1225 2945 1275 3027 16,

214 3075 280 3137 quo
303 3053 379 3121 loco
402 3052 564 3136 revera40)
586 3052 822 3120 Herodianum
850 3053 1052 3142 compilasse
1081 3052 1272 3140 videtursss)

213 3160 415 3228 Chaeridem
439 3163 609 3249 quendam
630 3161 788 3247 (forsitan
811 3162 1087 3246 grammaticum)
1110 3164 1206 3228 citat:
1233 3162 1274 3228 τὰ

212 3267 259 3349 εἷς
284 3271 337 3357 ρῖς
356 3272 486 3361 θηλυκά
510 3269 674 3362 ῥηματικὰ
708 3269 905 3354 ὄισάλλιιβα·
937 3270 1101 3357 daphnona
1128 3269 1176 3338 ἑνὶ
1205 3297 1274 3359 φω-

217 3450 431 3462 Ἦ

319 3546 365 3606 37)
384 3545 428 3600 De
447 3545 582 3601 bonitate
600 3543 708 3600 eximia
727 3542 788 3600 cod.
803 3541 840 3597 of.
852 3542 989 3607 Bandini‚
1003 3543 1098 3601 Catal.
1110 3543 1193 3599 codd.
1203 3562 1272 3599 mss.

212 3634 348 3690 biblioth.
367 3635 472 3694 Medio.
490 3635 630 3692 Laurent.
650 3635 687 3702 11,
707 3653 735 3705 p.
752 3635 902 3690 132-134.

318 3727 363 3798 38)
383 3726 457 3782 Vide
476 3745 567 3799 supra
585 3746 612 3798 p,
631 3729 648 3783 5
667 3745 708 3797 sq.

316 3821 364 3886 39)
383 3818 459 3874 Vide
486 3818 529 3873 sis
556 3819 665 3875 Herod.
698 3819 733 3874 de
765 3818 843 3873 solit.
874 3815 944 3872 dict.
971 3819 1013 3882 10,
1029 3821 1054 3888 2,
1085 3817 1137 3871 ubi
1165 3834 1273 3872 nomen

212 3910 401 3983 grammatici
420 3911 574 3967 cuiusdam
591 3911 716 3980 exempli
742 3909 842 3982 gratia
865 3907 995 3964 nominis
1022 3907 1198 3980 adhibitum,
1223 3908 1273 3979 qui

212 4010 270 4074 περὶ
287 4001 393 4064 Ἰλιάδος
410 4010 452 4056 καὶ
469 4002 613 4064 Ὀδυσσείας
631 3999 759 4072 scripsit,
787 3999 932 4055 excidisse
958 4005 1050 4071 patet,
1080 4000 1158 4072 quod
1186 4000 1273 4070 quala

211 4092 303 4149 fuerit
320 4111 380 4149 non
399 4099 525 4148 constat.

319 4187 365 4252 40)
384 4186 428 4242 cf.
447 4185 590 4240 Choercb.
610 4187 742 4256 orthogr.
761 4183 872 4239 Anecd.
891 4181 986 4238 Oxon.
1006 4181 1044 4247 II,
1063 4201 1091 4254 p.
1110 4185 1171 4248 221,
1184 4184 1208 4236 7.

319 4279 364 4336 41)
383 4277 417 4332 L.
436 4275 475 4346 Il,
494 4294 522 4348 p.
540 4279 592 4332 437
611 4276 677 4332 adn.

1097 4377 1114 4428 2
