<?xml version="1.0" encoding="UTF-8"?>
<!DOCTYPE html PUBLIC "-//W3C//DTD XHTML 1.0 Transitional//EN"
    "http://www.w3.org/TR/xhtml1/DTD/xhtml1-transitional.dtd">
<html xmlns="http://www.w3.org/1999/xhtml" xml:lang="en" lang="en">
 <head>
  <title>
</title>
<meta http-equiv="Content-Type" content="text/html;charset=utf-8" />
  <meta name='ocr-system' content='tesseract 3.04.00' />
  <meta name='ocr-capabilities' content='ocr_page ocr_carea ocr_par ocr_line ocrx_word'/>
</head>
<body>
  <div class='ocr_page' id='page_1' title='image "./decharetechaeri00berngoog_0058.png"; bbox 0 0 3156 4966; ppageno 0'>
   <div class='ocr_carea' id='block_1_1' title="bbox 574 475 831 533">
    <p class='ocr_par' dir='ltr' id='par_1_1' title="bbox 574 475 831 533">
     <span class='ocr_line' id='line_1_1' title="bbox 574 475 831 533; baseline -0.008 1"><span class='ocrx_word' id='word_1_1' title='bbox 574 476 575 480; x_wconf 60' lang='lat'>‘</span> <span class='ocrx_word' id='word_1_2' title='bbox 654 475 831 533; x_wconf 74' lang='lat' dir='ltr'><strong>-se-</strong></span> 
     </span>
    </p>
   </div>
   <div class='ocr_carea' id='block_1_2' title="bbox 134 645 1285 3242">
    <p class='ocr_par' dir='ltr' id='par_1_2' title="bbox 211 645 1279 1171">
     <span class='ocr_line' id='line_1_2' title="bbox 211 645 1279 735; baseline 0 -23"><span class='ocrx_word' id='word_1_3' title='bbox 211 650 301 714; x_wconf 90' lang='lat' dir='ltr'><strong>lonio</strong></span> <span class='ocrx_word' id='word_1_4' title='bbox 326 650 385 714; x_wconf 76' lang='lat' dir='ltr'><strong>coi</strong></span> <span class='ocrx_word' id='word_1_5' title='bbox 411 645 575 733; x_wconf 81' lang='grc' dir='ltr'><strong><em>Χαίριδος</em></strong></span> <span class='ocrx_word' id='word_1_6' title='bbox 597 646 755 732; x_wconf 87' lang='lat' dir='ltr'><strong>quisnam</strong></span> <span class='ocrx_word' id='word_1_7' title='bbox 781 647 924 735; x_wconf 67' lang='lat' dir='ltr'><strong>fueris),</strong></span> <span class='ocrx_word' id='word_1_8' title='bbox 950 649 1046 716; x_wconf 85' lang='lat' dir='ltr'><strong>cuius</strong></span> <span class='ocrx_word' id='word_1_9' title='bbox 1080 647 1207 713; x_wconf 89' lang='lat' dir='ltr'><strong>mentio</strong></span> <span class='ocrx_word' id='word_1_10' title='bbox 1237 646 1279 712; x_wconf 87' lang='lat' dir='ltr'><strong>fit</strong></span> 
     </span>
     <span class='ocr_line' id='line_1_3' title="bbox 214 754 1277 846; baseline 0.003 -25"><span class='ocrx_word' id='word_1_11' title='bbox 214 755 320 822; x_wconf 87' lang='lat' dir='ltr'><strong>schol.</strong></span> <span class='ocrx_word' id='word_1_12' title='bbox 345 754 520 843; x_wconf 83' lang='lat' dir='ltr'><strong>Aristoph.</strong></span> <span class='ocrx_word' id='word_1_13' title='bbox 544 757 646 844; x_wconf 88' lang='lat' dir='ltr'><strong>Vesp.</strong></span> <span class='ocrx_word' id='word_1_14' title='bbox 672 757 950 844; x_wconf 78' lang='lat' dir='ltr'><strong>1239‚Ap0110n.</strong></span> <span class='ocrx_word' id='word_1_15' title='bbox 974 756 1117 846; x_wconf 82' lang='lat' dir='ltr'><strong>sophist.</strong></span> <span class='ocrx_word' id='word_1_16' title='bbox 1150 758 1216 824; x_wconf 86' lang='lat' dir='ltr'><strong>lex.</strong></span> <span class='ocrx_word' id='word_1_17' title='bbox 1251 780 1277 825; x_wconf 88' lang='lat' dir='ltr'><strong>s.</strong></span> 
     </span>
     <span class='ocr_line' id='line_1_4' title="bbox 214 855 1277 955; baseline 0 -23"><span class='ocrx_word' id='word_1_18' title='bbox 214 889 272 932; x_wconf 73' lang='lat' dir='ltr'><strong>vv,</strong></span> <span class='ocrx_word' id='word_1_19' title='bbox 297 864 383 955; x_wconf 72' lang='grc' dir='ltr'><strong>φήνῃ</strong></span> <span class='ocrx_word' id='word_1_20' title='bbox 402 855 518 947; x_wconf 81' lang='grc' dir='ltr'><strong>Ὦπος,</strong></span> <span class='ocrx_word' id='word_1_21' title='bbox 542 865 646 933; x_wconf 85' lang='lat' dir='ltr'><strong>schol.</strong></span> <span class='ocrx_word' id='word_1_22' title='bbox 672 870 711 933; x_wconf 81' lang='lat' dir='ltr'><strong>A.</strong></span> <span class='ocrx_word' id='word_1_23' title='bbox 735 867 773 930; x_wconf 89' lang='lat' dir='ltr'><strong>Il.</strong></span> <span class='ocrx_word' id='word_1_24' title='bbox 798 873 830 932; x_wconf 92' lang='grc' dir='ltr'><em>Γ</em></span> <span class='ocrx_word' id='word_1_25' title='bbox 848 866 923 950; x_wconf 89' lang='grc'><strong>448,</strong></span> <span class='ocrx_word' id='word_1_26' title='bbox 946 865 1008 932; x_wconf 92' lang='lat' dir='ltr'><strong>ubi</strong></span> <span class='ocrx_word' id='word_1_27' title='bbox 1033 864 1181 952; x_wconf 82' lang='grc' dir='ltr'><strong><em>Χάριδος</em></strong></span> <span class='ocrx_word' id='word_1_28' title='bbox 1204 867 1277 933; x_wconf 88' lang='lat' dir='ltr'><strong>eod.</strong></span> 
     </span>
     <span class='ocr_line' id='line_1_5' title="bbox 211 973 1277 1064; baseline 0 -23"><span class='ocrx_word' id='word_1_29' title='bbox 211 975 334 1041; x_wconf 83' lang='lat' dir='ltr'><strong>Venet.</strong></span> <span class='ocrx_word' id='word_1_30' title='bbox 371 975 405 1038; x_wconf 94' lang='lat' dir='ltr'><strong>A</strong></span> <span class='ocrx_word' id='word_1_31' title='bbox 437 973 587 1039; x_wconf 89' lang='lat' dir='ltr'><strong>correxit</strong></span> <span class='ocrx_word' id='word_1_32' title='bbox 619 981 699 1064; x_wconf 89' lang='lat' dir='ltr'><strong>post</strong></span> <span class='ocrx_word' id='word_1_33' title='bbox 720 974 962 1041; x_wconf 81' lang='lat' dir='ltr'><strong>Villoisonium</strong></span> <span class='ocrx_word' id='word_1_34' title='bbox 996 974 1181 1063; x_wconf 69' lang='lat' dir='ltr'><strong>Cobetusss)</strong></span> <span class='ocrx_word' id='word_1_35' title='bbox 1227 981 1277 1041; x_wconf 88' lang='lat' dir='ltr'><strong>Ac</strong></span> 
     </span>
     <span class='ocr_line' id='line_1_6' title="bbox 213 1081 1279 1171; baseline 0.004 -23"><span class='ocrx_word' id='word_1_36' title='bbox 213 1082 431 1170; x_wconf 87' lang='lat' dir='ltr'><strong>potissimum</strong></span> <span class='ocrx_word' id='word_1_37' title='bbox 454 1089 598 1171; x_wconf 88' lang='lat' dir='ltr'><strong>propter</strong></span> <span class='ocrx_word' id='word_1_38' title='bbox 620 1083 885 1170; x_wconf 75' lang='lat' dir='ltr'><strong>ambiguitatem</strong></span> <span class='ocrx_word' id='word_1_39' title='bbox 908 1085 1092 1152; x_wconf 88' lang='lat' dir='ltr'><strong>verborum</strong></span> <span class='ocrx_word' id='word_1_40' title='bbox 1112 1081 1279 1152; x_wconf 80' lang='grc' dir='ltr'><em>Ἀπολλώ-</em></span> 
     </span>
    </p>

    <p class='ocr_par' dir='ltr' id='par_1_3' title="bbox 134 1175 1285 3242">
     <span class='ocr_line' id='line_1_7' title="bbox 213 1175 1279 1278; baseline 0.005 -22"><span class='ocrx_word' id='word_1_41' title='bbox 213 1217 282 1270; x_wconf 84' lang='grc' dir='ltr'><strong><em>νιος</em></strong></span> <span class='ocrx_word' id='word_1_42' title='bbox 304 1195 362 1257; x_wconf 81' lang='grc' dir='ltr'><strong>τοῦ</strong></span> <span class='ocrx_word' id='word_1_43' title='bbox 387 1191 551 1277; x_wconf 80' lang='grc' dir='ltr'><strong><em>Χαίριδος</em></strong></span> <span class='ocrx_word' id='word_1_44' title='bbox 574 1193 781 1278; x_wconf 77' lang='lat' dir='ltr'><strong>duratione,</strong></span> <span class='ocrx_word' id='word_1_45' title='bbox 804 1215 889 1278; x_wconf 88' lang='lat' dir='ltr'><strong>quae</strong></span> <span class='ocrx_word' id='word_1_46' title='bbox 913 1175 1113 1260; x_wconf 80' lang='lat' dir='ltr'><strong>(lhaeridem¹</strong></span> <span class='ocrx_word' id='word_1_47' title='bbox 1135 1195 1227 1261; x_wconf 89' lang='lat' dir='ltr'><strong>inter</strong></span> <span class='ocrx_word' id='word_1_48' title='bbox 1243 1201 1279 1261; x_wconf 88' lang='lat' dir='ltr'><strong>et</strong></span> 
     </span>
     <span class='ocr_line' id='line_1_8' title="bbox 134 1281 1278 1387; baseline 0.003 -22"><span class='ocrx_word' id='word_1_49' title='bbox 134 1281 135 1284; x_wconf 8' lang='grc' dir='ltr'><strong>Ἴ</strong></span> <span class='ocrx_word' id='word_1_50' title='bbox 213 1300 303 1365; x_wconf 88' lang='lat' dir='ltr'><strong>huno</strong></span> <span class='ocrx_word' id='word_1_51' title='bbox 328 1300 549 1387; x_wconf 82' lang='lat' dir='ltr'><strong>Apollonium</strong></span> <span class='ocrx_word' id='word_1_52' title='bbox 570 1301 771 1384; x_wconf 69' lang='lat' dir='ltr'><strong>intercedat,</strong></span> <span class='ocrx_word' id='word_1_53' title='bbox 793 1323 922 1387; x_wconf 84' lang='lat' dir='ltr'><strong>magna</strong></span> <span class='ocrx_word' id='word_1_54' title='bbox 955 1304 1045 1368; x_wconf 87' lang='lat' dir='ltr'><strong>inter</strong></span> <span class='ocrx_word' id='word_1_55' title='bbox 1078 1303 1278 1370; x_wconf 74' lang='lat' dir='ltr'><strong>recentioris</strong></span> 
     </span>
     <span class='ocr_line' id='line_1_9' title="bbox 213 1409 1277 1500; baseline 0.002 -26"><span class='ocrx_word' id='word_1_56' title='bbox 213 1410 336 1475; x_wconf 86' lang='lat' dir='ltr'><strong>aetatis</strong></span> <span class='ocrx_word' id='word_1_57' title='bbox 348 1409 438 1475; x_wconf 86' lang='lat' dir='ltr'><strong>viros</strong></span> <span class='ocrx_word' id='word_1_58' title='bbox 451 1412 569 1476; x_wconf 88' lang='lat' dir='ltr'><strong>doctos</strong></span> <span class='ocrx_word' id='word_1_59' title='bbox 581 1417 657 1477; x_wconf 86' lang='lat' dir='ltr'><strong>orta</strong></span> <span class='ocrx_word' id='word_1_60' title='bbox 669 1417 722 1477; x_wconf 88' lang='lat' dir='ltr'><strong>est</strong></span> <span class='ocrx_word' id='word_1_61' title='bbox 744 1412 978 1478; x_wconf 79' lang='lat' dir='ltr'><strong>controversia</strong></span> <span class='ocrx_word' id='word_1_62' title='bbox 992 1433 1192 1498; x_wconf 88' lang='lat' dir='ltr'><strong>summaque</strong></span> <span class='ocrx_word' id='word_1_63' title='bbox 1207 1413 1277 1500; x_wconf 92' lang='lat' dir='ltr'><strong>opi-</strong></span> 
     </span>
     <span class='ocr_line' id='line_1_10' title="bbox 212 1519 1277 1610; baseline 0.004 -27"><span class='ocrx_word' id='word_1_64' title='bbox 212 1519 352 1583; x_wconf 91' lang='lat' dir='ltr'><strong>nionum</strong></span> <span class='ocrx_word' id='word_1_65' title='bbox 374 1521 525 1584; x_wconf 79' lang='lat' dir='ltr'><strong>varietus</strong></span> <span class='ocrx_word' id='word_1_66' title='bbox 547 1520 692 1607; x_wconf 89' lang='lat' dir='ltr'><strong>prolata,</strong></span> <span class='ocrx_word' id='word_1_67' title='bbox 716 1523 825 1587; x_wconf 88' lang='lat' dir='ltr'><strong>veluti</strong></span> <span class='ocrx_word' id='word_1_68' title='bbox 848 1519 1073 1587; x_wconf 88' lang='lat' dir='ltr'><strong>Schneiderus</strong></span> <span class='ocrx_word' id='word_1_69' title='bbox 1096 1521 1118 1586; x_wconf 93' lang='lat' dir='ltr'><strong>l.</strong></span> <span class='ocrx_word' id='word_1_70' title='bbox 1142 1545 1170 1587; x_wconf 90' lang='lat' dir='ltr'><strong>c.</strong></span> <span class='ocrx_word' id='word_1_71' title='bbox 1187 1545 1221 1610; x_wconf 91' lang='lat' dir='ltr'><strong>p.</strong></span> <span class='ocrx_word' id='word_1_72' title='bbox 1235 1523 1277 1587; x_wconf 82' lang='lat'><strong>89</strong></span> 
     </span>
     <span class='ocr_line' id='line_1_11' title="bbox 215 1627 1279 1719; baseline 0.004 -27"><span class='ocrx_word' id='word_1_73' title='bbox 215 1627 353 1694; x_wconf 87' lang='lat' dir='ltr'><strong>dubitat</strong></span> <span class='ocrx_word' id='word_1_74' title='bbox 377 1630 467 1693; x_wconf 77' lang='lat' dir='ltr'><strong>‘num</strong></span> <span class='ocrx_word' id='word_1_75' title='bbox 483 1627 639 1693; x_wconf 87' lang='lat' dir='ltr'><strong>diversus</strong></span> <span class='ocrx_word' id='word_1_76' title='bbox 663 1630 707 1695; x_wconf 88' lang='lat' dir='ltr'><strong>ab</strong></span> <span class='ocrx_word' id='word_1_77' title='bbox 731 1629 796 1695; x_wconf 89' lang='lat' dir='ltr'><strong>hoc</strong></span> <span class='ocrx_word' id='word_1_78' title='bbox 821 1629 880 1718; x_wconf 88' lang='lat' dir='ltr'><strong>[sc.</strong></span> <span class='ocrx_word' id='word_1_79' title='bbox 902 1631 1088 1719; x_wconf 89' lang='lat' dir='ltr'><strong>Apollonio</strong></span> <span class='ocrx_word' id='word_1_80' title='bbox 1111 1636 1167 1698; x_wconf 78' lang='lat' dir='ltr'><strong>coi</strong></span> <span class='ocrx_word' id='word_1_81' title='bbox 1192 1629 1279 1697; x_wconf 84' lang='grc' dir='ltr'><strong><em>Χαί-</em></strong></span> 
     </span>
     <span class='ocr_line' id='line_1_12' title="bbox 213 1736 1285 1828; baseline 0 -23"><span class='ocrx_word' id='word_1_82' title='bbox 213 1738 316 1826; x_wconf 83' lang='grc' dir='ltr'><strong><em>ριδος]</em></strong></span> <span class='ocrx_word' id='word_1_83' title='bbox 340 1738 370 1802; x_wconf 78' lang='lat' dir='ltr'><strong>is</strong></span> <span class='ocrx_word' id='word_1_84' title='bbox 394 1737 449 1818; x_wconf 89' lang='lat' dir='ltr'><strong>sit,</strong></span> <span class='ocrx_word' id='word_1_85' title='bbox 464 1736 524 1822; x_wconf 92' lang='lat' dir='ltr'><strong>qui</strong></span> <span class='ocrx_word' id='word_1_86' title='bbox 545 1737 583 1801; x_wconf 94' lang='lat' dir='ltr'><strong>in</strong></span> <span class='ocrx_word' id='word_1_87' title='bbox 605 1736 743 1803; x_wconf 79' lang='lat' dir='ltr'><strong>scholiis</strong></span> <span class='ocrx_word' id='word_1_88' title='bbox 758 1739 934 1806; x_wconf 87' lang='lat' dir='ltr'><strong>Ranarum</strong></span> <span class='ocrx_word' id='word_1_89' title='bbox 956 1741 1174 1828; x_wconf 88' lang='lat' dir='ltr'><strong>potissimum</strong></span> <span class='ocrx_word' id='word_1_90' title='bbox 1197 1741 1285 1806; x_wconf 82' lang='lat' dir='ltr'><strong>cita&#39;</strong></span> 
     </span>
     <span class='ocr_line' id='line_1_13' title="bbox 213 1845 1278 1938; baseline 0.005 -28"><span class='ocrx_word' id='word_1_91' title='bbox 213 1847 288 1914; x_wconf 84' lang='lat' dir='ltr'><strong>tur’.</strong></span> <span class='ocrx_word' id='word_1_92' title='bbox 335 1846 445 1923; x_wconf 78' lang='lat' dir='ltr'><strong>Quam</strong></span> <span class='ocrx_word' id='word_1_93' title='bbox 467 1847 505 1910; x_wconf 93' lang='lat' dir='ltr'><strong>in</strong></span> <span class='ocrx_word' id='word_1_94' title='bbox 527 1867 600 1911; x_wconf 90' lang='lat' dir='ltr'><strong>rem</strong></span> <span class='ocrx_word' id='word_1_95' title='bbox 622 1845 714 1911; x_wconf 76' lang='lat' dir='ltr'><strong>infra</strong></span> <span class='ocrx_word' id='word_1_96' title='bbox 737 1847 847 1913; x_wconf 85' lang='lat' dir='ltr'><strong>oratio</strong></span> <span class='ocrx_word' id='word_1_97' title='bbox 870 1849 1008 1933; x_wconf 84' lang='lat' dir='ltr'><strong>incidet,</strong></span> <span class='ocrx_word' id='word_1_98' title='bbox 1033 1849 1278 1938; x_wconf 89' lang='lat' dir='ltr'><strong>cumprimum</strong></span> 
     </span>
     <span class='ocr_line' id='line_1_14' title="bbox 214 1954 1278 2043; baseline 0.004 -22"><span class='ocrx_word' id='word_1_99' title='bbox 214 1954 508 2041; x_wconf 85' lang='lat' dir='ltr'><strong>quaestiunculam</strong></span> <span class='ocrx_word' id='word_1_100' title='bbox 531 1954 574 2020; x_wconf 89' lang='lat' dir='ltr'><strong>de</strong></span> <span class='ocrx_word' id='word_1_101' title='bbox 591 1955 766 2021; x_wconf 83' lang='lat' dir='ltr'><strong>Ghaeridis</strong></span> <span class='ocrx_word' id='word_1_102' title='bbox 783 1961 818 2020; x_wconf 91' lang='lat' dir='ltr'><strong>et</strong></span> <span class='ocrx_word' id='word_1_103' title='bbox 835 1954 1010 2043; x_wconf 83' lang='lat' dir='ltr'><strong>Apollonii</strong></span> <span class='ocrx_word' id='word_1_104' title='bbox 1032 1961 1089 2024; x_wconf 79' lang='grc' dir='ltr'><strong>τοῦ</strong></span> <span class='ocrx_word' id='word_1_105' title='bbox 1114 1955 1278 2043; x_wconf 81' lang='grc' dir='ltr'><em>Χαίριόος</em></span> 
     </span>
     <span class='ocr_line' id='line_1_15' title="bbox 214 2063 1277 2150; baseline 0.003 -21"><span class='ocrx_word' id='word_1_106' title='bbox 214 2063 466 2131; x_wconf 81' lang='lat' dir='ltr'><strong>necessitudine</strong></span> <span class='ocrx_word' id='word_1_107' title='bbox 490 2063 678 2133; x_wconf 84' lang='lat' dir='ltr'><strong>confecero.</strong></span> <span class='ocrx_word' id='word_1_108' title='bbox 725 2065 939 2150; x_wconf 75' lang='lat' dir='ltr'><strong>Quemquam</strong></span> <span class='ocrx_word' id='word_1_109' title='bbox 973 2087 1055 2130; x_wconf 88' lang='lat' dir='ltr'><strong>vero</strong></span> <span class='ocrx_word' id='word_1_110' title='bbox 1089 2066 1277 2132; x_wconf 88' lang='lat' dir='ltr'><strong>locutiones</strong></span> 
     </span>
     <span class='ocr_line' id='line_1_16' title="bbox 214 2173 1276 2259; baseline 0 -19"><span class='ocrx_word' id='word_1_111' title='bbox 214 2173 388 2252; x_wconf 84' lang='lat' dir='ltr'><strong>eiusmodi,</strong></span> <span class='ocrx_word' id='word_1_112' title='bbox 411 2174 449 2238; x_wconf 94' lang='lat' dir='ltr'><strong>in</strong></span> <span class='ocrx_word' id='word_1_113' title='bbox 473 2173 596 2259; x_wconf 89' lang='lat' dir='ltr'><strong>quibus</strong></span> <span class='ocrx_word' id='word_1_114' title='bbox 630 2174 796 2240; x_wconf 85' lang='lat' dir='ltr'><strong>articulus</strong></span> <span class='ocrx_word' id='word_1_115' title='bbox 831 2195 909 2240; x_wconf 91' lang='lat' dir='ltr'><strong>cum</strong></span> <span class='ocrx_word' id='word_1_116' title='bbox 944 2173 1108 2258; x_wconf 84' lang='lat' dir='ltr'><strong>genetivo</strong></span> <span class='ocrx_word' id='word_1_117' title='bbox 1142 2174 1276 2258; x_wconf 88' lang='lat' dir='ltr'><strong>dicitur,</strong></span> 
     </span>
     <span class='ocr_line' id='line_1_17' title="bbox 212 2281 1277 2371; baseline 0.001 -23"><span class='ocrx_word' id='word_1_118' title='bbox 212 2306 283 2350; x_wconf 94' lang='lat' dir='ltr'><strong>non</strong></span> <span class='ocrx_word' id='word_1_119' title='bbox 306 2284 415 2351; x_wconf 88' lang='lat' dir='ltr'><strong>solum</strong></span> <span class='ocrx_word' id='word_1_120' title='bbox 437 2281 480 2347; x_wconf 88' lang='lat' dir='ltr'><strong>de</strong></span> <span class='ocrx_word' id='word_1_121' title='bbox 503 2281 584 2366; x_wconf 90' lang='lat' dir='ltr'><strong>filio,</strong></span> <span class='ocrx_word' id='word_1_122' title='bbox 609 2283 670 2348; x_wconf 90' lang='lat' dir='ltr'><strong>sed</strong></span> <span class='ocrx_word' id='word_1_123' title='bbox 693 2284 798 2350; x_wconf 89' lang='lat' dir='ltr'><strong>etiam</strong></span> <span class='ocrx_word' id='word_1_124' title='bbox 821 2284 863 2351; x_wconf 91' lang='lat' dir='ltr'><strong>de</strong></span> <span class='ocrx_word' id='word_1_125' title='bbox 894 2288 994 2371; x_wconf 87' lang='lat' dir='ltr'><strong>patre</strong></span> <span class='ocrx_word' id='word_1_126' title='bbox 1016 2305 1152 2350; x_wconf 84' lang='lat' dir='ltr'><strong>necnon</strong></span> <span class='ocrx_word' id='word_1_127' title='bbox 1182 2283 1277 2349; x_wconf 87' lang='lat' dir='ltr'><strong>disci·</strong></span> 
     </span>
     <span class='ocr_line' id='line_1_18' title="bbox 213 2389 1277 2478; baseline 0.004 -24"><span class='ocrx_word' id='word_1_128' title='bbox 213 2389 294 2476; x_wconf 91' lang='lat' dir='ltr'><strong>pulo</strong></span> <span class='ocrx_word' id='word_1_129' title='bbox 318 2391 430 2477; x_wconf 86' lang='lat' dir='ltr'><strong>accipi</strong></span> <span class='ocrx_word' id='word_1_130' title='bbox 452 2413 553 2478; x_wconf 92' lang='lat' dir='ltr'><strong>posse</strong></span> <span class='ocrx_word' id='word_1_131' title='bbox 565 2391 738 2478; x_wconf 83' lang='lat' dir='ltr'><strong>Ioensio,⁷)</strong></span> <span class='ocrx_word' id='word_1_132' title='bbox 755 2391 964 2458; x_wconf 82' lang='lat' dir='ltr'><strong>Schneidero</strong></span> <span class='ocrx_word' id='word_1_133' title='bbox 988 2391 1065 2457; x_wconf 88' lang='lat' dir='ltr'><strong>aliis</strong></span> <span class='ocrx_word' id='word_1_134' title='bbox 1080 2392 1187 2458; x_wconf 89' lang='lat' dir='ltr'><strong>libere</strong></span> <span class='ocrx_word' id='word_1_135' title='bbox 1203 2415 1277 2458; x_wconf 91' lang='lat' dir='ltr'><strong>con-</strong></span> 
     </span>
     <span class='ocr_line' id='line_1_19' title="bbox 216 2495 1278 2588; baseline 0.007 -28"><span class='ocrx_word' id='word_1_136' title='bbox 216 2495 376 2580; x_wconf 85' lang='lat' dir='ltr'><strong>cedimus,</strong></span> <span class='ocrx_word' id='word_1_137' title='bbox 400 2505 517 2564; x_wconf 89' lang='lat' dir='ltr'><strong>tamen</strong></span> <span class='ocrx_word' id='word_1_138' title='bbox 541 2501 741 2587; x_wconf 86' lang='lat' dir='ltr'><strong>saepissime</strong></span> <span class='ocrx_word' id='word_1_139' title='bbox 763 2500 806 2566; x_wconf 91' lang='lat' dir='ltr'><strong>de</strong></span> <span class='ocrx_word' id='word_1_140' title='bbox 828 2501 900 2567; x_wconf 82' lang='lat' dir='ltr'><strong>filio</strong></span> <span class='ocrx_word' id='word_1_141' title='bbox 922 2507 1104 2588; x_wconf 88' lang='lat' dir='ltr'><strong>usurpatas</strong></span> <span class='ocrx_word' id='word_1_142' title='bbox 1121 2523 1195 2568; x_wconf 92' lang='lat' dir='ltr'><strong>esse</strong></span> <span class='ocrx_word' id='word_1_143' title='bbox 1217 2524 1278 2567; x_wconf 88' lang='lat' dir='ltr'><strong>ne-</strong></span> 
     </span>
     <span class='ocr_line' id='line_1_20' title="bbox 214 2604 1276 2695; baseline 0.007 -27"><span class='ocrx_word' id='word_1_144' title='bbox 214 2604 299 2669; x_wconf 90' lang='lat' dir='ltr'><strong>mini</strong></span> <span class='ocrx_word' id='word_1_145' title='bbox 332 2627 401 2671; x_wconf 91' lang='lat' dir='ltr'><strong>non</strong></span> <span class='ocrx_word' id='word_1_146' title='bbox 422 2612 531 2693; x_wconf 85' lang='lat' dir='ltr'><strong>patet,</strong></span> <span class='ocrx_word' id='word_1_147' title='bbox 568 2627 674 2693; x_wconf 87' lang='lat' dir='ltr'><strong>quare</strong></span> <span class='ocrx_word' id='word_1_148' title='bbox 706 2614 845 2695; x_wconf 90' lang='lat' dir='ltr'><strong>praeter</strong></span> <span class='ocrx_word' id='word_1_149' title='bbox 866 2609 1136 2693; x_wconf 67' lang='lat' dir='ltr'><strong>Villoisoniumss)</strong></span> <span class='ocrx_word' id='word_1_150' title='bbox 1171 2609 1276 2675; x_wconf 88' lang='lat' dir='ltr'><strong>etiarn</strong></span> 
     </span>
     <span class='ocr_line' id='line_1_21' title="bbox 214 2713 1276 2807; baseline 0.007 -29"><span class='ocrx_word' id='word_1_151' title='bbox 214 2713 489 2782; x_wconf 83' lang='lat' dir='ltr'><strong>Graefenhanius</strong></span> <span class='ocrx_word' id='word_1_152' title='bbox 513 2717 669 2802; x_wconf 84' lang='lat' dir='ltr'><strong>quamvis</strong></span> <span class='ocrx_word' id='word_1_153' title='bbox 693 2716 919 2805; x_wconf 53' lang='lat' dir='ltr'><strong>dubitantem)</strong></span> <span class='ocrx_word' id='word_1_154' title='bbox 942 2719 1174 2807; x_wconf 84' lang='lat' dir='ltr'><strong>Apollonium,</strong></span> <span class='ocrx_word' id='word_1_155' title='bbox 1197 2720 1276 2804; x_wconf 92' lang='lat' dir='ltr'><strong>quia</strong></span> 
     </span>
     <span class='ocr_line' id='line_1_22' title="bbox 215 2818 1278 2916; baseline 0.006 -27"><span class='ocrx_word' id='word_1_156' title='bbox 215 2818 233 2889; x_wconf 88' lang='grc' dir='ltr'>ὁ</span> <span class='ocrx_word' id='word_1_157' title='bbox 261 2821 425 2908; x_wconf 81' lang='grc' dir='ltr'><strong><em>Χαίριὸος</em></strong></span> <span class='ocrx_word' id='word_1_158' title='bbox 448 2823 554 2909; x_wconf 88' lang='lat' dir='ltr'><strong>audit,</strong></span> <span class='ocrx_word' id='word_1_159' title='bbox 579 2825 754 2892; x_wconf 83' lang='lat' dir='ltr'><strong>Ohaeridis</strong></span> <span class='ocrx_word' id='word_1_160' title='bbox 788 2825 897 2892; x_wconf 88' lang='lat' dir='ltr'><strong>filium</strong></span> <span class='ocrx_word' id='word_1_161' title='bbox 925 2827 1183 2916; x_wconf 83' lang='lat' dir='ltr'><strong>interpretatur.</strong></span> <span class='ocrx_word' id='word_1_162' title='bbox 1230 2830 1278 2895; x_wconf 82' lang='lat' dir='ltr'><strong>Et</strong></span> 
     </span>
     <span class='ocr_line' id='line_1_23' title="bbox 212 2932 1275 3023; baseline 0.009 -28"><span class='ocrx_word' id='word_1_163' title='bbox 212 2932 315 2998; x_wconf 90' lang='lat' dir='ltr'><strong>aliam</strong></span> <span class='ocrx_word' id='word_1_164' title='bbox 343 2932 514 3000; x_wconf 89' lang='lat' dir='ltr'><strong>rationem</strong></span> <span class='ocrx_word' id='word_1_165' title='bbox 548 2935 709 3020; x_wconf 84' lang='lat' dir='ltr'><strong>viamque</strong></span> <span class='ocrx_word' id='word_1_166' title='bbox 744 2935 836 3002; x_wconf 88' lang='lat' dir='ltr'><strong>haud</strong></span> <span class='ocrx_word' id='word_1_167' title='bbox 869 2935 989 3002; x_wconf 83' lang='lat' dir='ltr'><strong>tritam</strong></span> <span class='ocrx_word' id='word_1_168' title='bbox 1022 2936 1198 3023; x_wconf 86' lang='lat' dir='ltr'><strong>ingressus</strong></span> <span class='ocrx_word' id='word_1_169' title='bbox 1232 2943 1275 3005; x_wconf 89' lang='lat' dir='ltr'><strong>ad</strong></span> 
     </span>
     <span class='ocr_line' id='line_1_24' title="bbox 212 3040 1277 3138; baseline 0.009 -33"><span class='ocrx_word' id='word_1_170' title='bbox 212 3040 356 3109; x_wconf 92' lang='lat' dir='ltr'><strong>eandem</strong></span> <span class='ocrx_word' id='word_1_171' title='bbox 390 3044 600 3112; x_wconf 87' lang='lat' dir='ltr'><strong>sententiam</strong></span> <span class='ocrx_word' id='word_1_172' title='bbox 632 3047 793 3133; x_wconf 87' lang='lat' dir='ltr'><strong>pervenit</strong></span> <span class='ocrx_word' id='word_1_173' title='bbox 827 3044 1105 3138; x_wconf 75' lang='lat' dir='ltr'><strong>Susemihlius,1⁰)</strong></span> <span class='ocrx_word' id='word_1_174' title='bbox 1140 3049 1199 3134; x_wconf 89' lang='lat' dir='ltr'><strong>qui</strong></span> <span class='ocrx_word' id='word_1_175' title='bbox 1234 3072 1277 3114; x_wconf 86' lang='lat' dir='ltr'><strong>ex</strong></span> 
     </span>
     <span class='ocr_line' id='line_1_25' title="bbox 212 3149 1277 3242; baseline 0.01 -29"><span class='ocrx_word' id='word_1_176' title='bbox 212 3149 315 3218; x_wconf 77' lang='lat' dir='ltr'><strong>schol,</strong></span> <span class='ocrx_word' id='word_1_177' title='bbox 339 3149 444 3241; x_wconf 88' lang='lat' dir='ltr'><strong>Vesp.</strong></span> <span class='ocrx_word' id='word_1_178' title='bbox 472 3156 567 3240; x_wconf 82' lang='lat'><strong>1239,</strong></span> <span class='ocrx_word' id='word_1_179' title='bbox 583 3154 674 3240; x_wconf 92' lang='lat' dir='ltr'><strong>quod</strong></span> <span class='ocrx_word' id='word_1_180' title='bbox 689 3154 830 3242; x_wconf 87' lang='lat' dir='ltr'><strong>egregie</strong></span> <span class='ocrx_word' id='word_1_181' title='bbox 846 3154 1007 3238; x_wconf 87' lang='lat' dir='ltr'><strong>restituit,</strong></span> <span class='ocrx_word' id='word_1_182' title='bbox 1022 3165 1143 3224; x_wconf 88' lang='lat' dir='ltr'><strong>contra</strong></span> <span class='ocrx_word' id='word_1_183' title='bbox 1159 3156 1277 3224; x_wconf 84' lang='lat' dir='ltr'><strong>Schra-</strong></span> 
     </span>
    </p>
   </div>
   <div class='ocr_carea' id='block_1_3' title="bbox 211 3313 1277 3493">
    <p class='ocr_par' dir='ltr' id='par_1_4' title="bbox 211 3313 1277 3493">
     <span class='ocr_line' id='line_1_26' title="bbox 230 3313 1277 3488; baseline 0.007 -85"><span class='ocrx_word' id='word_1_184' title='bbox 230 3434 248 3488; x_wconf 65' lang='lat' dir='ltr'>d</span> <span class='ocrx_word' id='word_1_185' title='bbox 320 3349 348 3418; x_wconf 84' lang='grc'><strong>5)</strong></span> <span class='ocrx_word' id='word_1_186' title='bbox 367 3347 410 3405; x_wconf 84' lang='lat' dir='ltr'><strong>or.</strong></span> <span class='ocrx_word' id='word_1_187' title='bbox 430 3350 596 3418; x_wconf 68' lang='lat' dir='ltr'><strong>rabanus,</strong></span> <span class='ocrx_word' id='word_1_188' title='bbox 615 3351 686 3408; x_wconf 78' lang='lat' dir='ltr'><strong>eru.</strong></span> <span class='ocrx_word' id='word_1_189' title='bbox 707 3350 756 3406; x_wconf 77' lang='lat' dir='ltr'><strong>ar.</strong></span> <span class='ocrx_word' id='word_1_190' title='bbox 775 3351 817 3406; x_wconf 80' lang='lat' dir='ltr'><strong>iv</strong></span> <span class='ocrx_word' id='word_1_191' title='bbox 835 3313 864 3422; x_wconf 69' lang='lat' dir='ltr'><strong>p}</strong></span> <span class='ocrx_word' id='word_1_192' title='bbox 883 3351 950 3422; x_wconf 70' lang='lat' dir='ltr'><strong>ers,</strong></span> <span class='ocrx_word' id='word_1_193' title='bbox 969 3354 1004 3408; x_wconf 82' lang='lat' dir='ltr'><strong>A.</strong></span> <span class='ocrx_word' id='word_1_194' title='bbox 1015 3351 1100 3418; x_wconf 76' lang='lat' dir='ltr'><strong>Bau,</strong></span> <span class='ocrx_word' id='word_1_195' title='bbox 1119 3353 1139 3410; x_wconf 89' lang='lat'><strong>1.</strong></span> <span class='ocrx_word' id='word_1_196' title='bbox 1158 3371 1182 3408; x_wconf 73' lang='lat'><strong>0.</strong></span> <span class='ocrx_word' id='word_1_197' title='bbox 1204 3371 1230 3424; x_wconf 82' lang='lat' dir='ltr'><strong>p.</strong></span> <span class='ocrx_word' id='word_1_198' title='bbox 1242 3355 1277 3410; x_wconf 88' lang='grc'><strong>55</strong></span> 
     </span>
     <span class='ocr_line' id='line_1_27' title="bbox 211 3440 322 3493; baseline 0.054 -6"><span class='ocrx_word' id='word_1_199' title='bbox 211 3451 229 3487; x_wconf 84' lang='lat' dir='ltr'><strong>a</strong></span> <span class='ocrx_word' id='word_1_200' title='bbox 250 3453 279 3491; x_wconf 90' lang='lat' dir='ltr'><strong>n.</strong></span> <span class='ocrx_word' id='word_1_201' title='bbox 297 3440 322 3493; x_wconf 75' lang='lat'><strong>2.</strong></span> 
     </span>
    </p>
   </div>
   <div class='ocr_carea' id='block_1_4' title="bbox 210 3549 1276 3717">
    <p class='ocr_par' dir='ltr' id='par_1_5' title="bbox 210 3549 1276 3717">
     <span class='ocr_line' id='line_1_28' title="bbox 317 3549 1275 3625; baseline 0.006 -21"><span class='ocrx_word' id='word_1_202' title='bbox 317 3551 344 3619; x_wconf 82' lang='grc'><strong>6)</strong></span> <span class='ocrx_word' id='word_1_203' title='bbox 364 3549 498 3625; x_wconf 82' lang='lat' dir='ltr'><strong>Vossius,</strong></span> <span class='ocrx_word' id='word_1_204' title='bbox 528 3554 564 3610; x_wconf 86' lang='lat' dir='ltr'><strong>de</strong></span> <span class='ocrx_word' id='word_1_205' title='bbox 582 3555 654 3614; x_wconf 88' lang='lat' dir='ltr'><strong>hist.</strong></span> <span class='ocrx_word' id='word_1_206' title='bbox 672 3555 722 3610; x_wconf 83' lang='lat' dir='ltr'><strong>Gr.</strong></span> <span class='ocrx_word' id='word_1_207' title='bbox 741 3553 826 3621; x_wconf 85' lang='lat' dir='ltr'><strong>lV,3</strong></span> <span class='ocrx_word' id='word_1_208' title='bbox 855 3554 1033 3610; x_wconf 88' lang='lat' dir='ltr'><strong>deteriorem</strong></span> <span class='ocrx_word' id='word_1_209' title='bbox 1057 3553 1182 3610; x_wconf 82' lang='lat' dir='ltr'><strong>sormam</strong></span> <span class='ocrx_word' id='word_1_210' title='bbox 1194 3553 1275 3610; x_wconf 76' lang='grc' dir='ltr'><em>Ἀπο-</em></span> 
     </span>
     <span class='ocr_line' id='line_1_29' title="bbox 210 3637 1276 3717; baseline 0.01 -26"><span class='ocrx_word' id='word_1_211' title='bbox 210 3637 302 3696; x_wconf 71' lang='grc' dir='ltr'><em>λιόνιος</em></span> <span class='ocrx_word' id='word_1_212' title='bbox 319 3639 337 3695; x_wconf 87' lang='lat' dir='ltr'><strong>o‘</strong></span> <span class='ocrx_word' id='word_1_213' title='bbox 355 3641 484 3714; x_wconf 73' lang='grc' dir='ltr'><em>Χάρωνος</em></span> <span class='ocrx_word' id='word_1_214' title='bbox 502 3646 624 3717; x_wconf 81' lang='lat' dir='ltr'><strong>praebet</strong></span> <span class='ocrx_word' id='word_1_215' title='bbox 637 3662 704 3701; x_wconf 89' lang='lat' dir='ltr'><strong>cum</strong></span> <span class='ocrx_word' id='word_1_216' title='bbox 716 3643 823 3700; x_wconf 85' lang='lat' dir='ltr'><strong>Blauio</strong></span> <span class='ocrx_word' id='word_1_217' title='bbox 841 3644 860 3700; x_wconf 93' lang='lat' dir='ltr'><strong>l.</strong></span> <span class='ocrx_word' id='word_1_218' title='bbox 880 3662 903 3702; x_wconf 88' lang='lat' dir='ltr'><strong>c.</strong></span> <span class='ocrx_word' id='word_1_219' title='bbox 923 3645 1024 3700; x_wconf 87' lang='lat' dir='ltr'><strong>nescio</strong></span> <span class='ocrx_word' id='word_1_220' title='bbox 1038 3644 1115 3700; x_wconf 89' lang='lat' dir='ltr'><strong>unde</strong></span> <span class='ocrx_word' id='word_1_221' title='bbox 1127 3645 1276 3702; x_wconf 83' lang='lat' dir='ltr'><strong>haustam.</strong></span> 
     </span>
    </p>
   </div>
   <div class='ocr_carea' id='block_1_5' title="bbox 319 3754 802 3829">
    <p class='ocr_par' dir='ltr' id='par_1_6' title="bbox 319 3754 802 3829">
     <span class='ocr_line' id='line_1_30' title="bbox 319 3754 802 3829; baseline 0.008 -21"><span class='ocrx_word' id='word_1_222' title='bbox 319 3755 346 3824; x_wconf 80' lang='lat'><strong>7)</strong></span> <span class='ocrx_word' id='word_1_223' title='bbox 365 3754 487 3828; x_wconf 85' lang='lat' dir='ltr'><strong>Scriptt.</strong></span> <span class='ocrx_word' id='word_1_224' title='bbox 506 3756 578 3812; x_wconf 89' lang='lat' dir='ltr'><strong>hist.</strong></span> <span class='ocrx_word' id='word_1_225' title='bbox 597 3757 669 3829; x_wconf 90' lang='lat' dir='ltr'><strong>phil.</strong></span> <span class='ocrx_word' id='word_1_226' title='bbox 688 3758 712 3828; x_wconf 93' lang='grc' dir='ltr'><strong>Ι,</strong></span> <span class='ocrx_word' id='word_1_227' title='bbox 730 3759 755 3824; x_wconf 80' lang='grc'><strong>2,</strong></span> <span class='ocrx_word' id='word_1_228' title='bbox 776 3758 802 3812; x_wconf 80' lang='grc'><strong>5.</strong></span> 
     </span>
    </p>
   </div>
   <div class='ocr_carea' id='block_1_6' title="bbox 210 3866 1277 4027">
    <p class='ocr_par' dir='ltr' id='par_1_7' title="bbox 210 3866 1277 4027">
     <span class='ocr_line' id='line_1_31' title="bbox 318 3866 1277 3942; baseline 0.006 -22"><span class='ocrx_word' id='word_1_229' title='bbox 318 3868 345 3934; x_wconf 90' lang='lat'><strong>8)</strong></span> <span class='ocrx_word' id='word_1_230' title='bbox 366 3866 503 3939; x_wconf 88' lang='lat' dir='ltr'><strong>Prolegg.</strong></span> <span class='ocrx_word' id='word_1_231' title='bbox 523 3867 562 3924; x_wconf 86' lang='lat' dir='ltr'><strong>ad</strong></span> <span class='ocrx_word' id='word_1_232' title='bbox 579 3869 615 3924; x_wconf 92' lang='lat' dir='ltr'><strong>Il.</strong></span> <span class='ocrx_word' id='word_1_233' title='bbox 633 3885 661 3940; x_wconf 88' lang='lat' dir='ltr'><strong>p.</strong></span> <span class='ocrx_word' id='word_1_234' title='bbox 681 3866 785 3922; x_wconf 87' lang='lat' dir='ltr'>XXIX</span> <span class='ocrx_word' id='word_1_235' title='bbox 804 3872 835 3922; x_wconf 88' lang='lat' dir='ltr'><strong>et</strong></span> <span class='ocrx_word' id='word_1_236' title='bbox 853 3868 985 3940; x_wconf 79' lang='lat' dir='ltr'><strong>prolegg.</strong></span> <span class='ocrx_word' id='word_1_237' title='bbox 1009 3867 1056 3926; x_wconf 86' lang='lat' dir='ltr'><strong>ad.</strong></span> <span class='ocrx_word' id='word_1_238' title='bbox 1074 3870 1174 3940; x_wconf 83' lang='lat' dir='ltr'><strong>Apoll.</strong></span> <span class='ocrx_word' id='word_1_239' title='bbox 1192 3870 1277 3942; x_wconf 77' lang='lat' dir='ltr'><strong>eopia</strong></span> 
     </span>
     <span class='ocr_line' id='line_1_32' title="bbox 210 3955 323 4027; baseline 0 -17"><span class='ocrx_word' id='word_1_240' title='bbox 210 3973 239 4027; x_wconf 89' lang='lat' dir='ltr'><strong>p.</strong></span> <span class='ocrx_word' id='word_1_241' title='bbox 256 3955 323 4010; x_wconf 89' lang='lat' dir='ltr'><strong>XX.</strong></span> 
     </span>
    </p>
   </div>
   <div class='ocr_carea' id='block_1_7' title="bbox 209 4067 1276 4233">
    <p class='ocr_par' dir='ltr' id='par_1_8' title="bbox 209 4067 1276 4233">
     <span class='ocr_line' id='line_1_33' title="bbox 315 4067 1276 4143; baseline 0 -19"><span class='ocrx_word' id='word_1_242' title='bbox 315 4069 343 4135; x_wconf 82' lang='grc'><strong>9)</strong></span> <span class='ocrx_word' id='word_1_243' title='bbox 362 4068 381 4124; x_wconf 96' lang='lat' dir='ltr'><strong>l.</strong></span> <span class='ocrx_word' id='word_1_244' title='bbox 401 4087 423 4124; x_wconf 93' lang='lat' dir='ltr'><strong>c.</strong></span> <span class='ocrx_word' id='word_1_245' title='bbox 444 4071 472 4126; x_wconf 93' lang='lat' dir='ltr'><strong>II</strong></span> <span class='ocrx_word' id='word_1_246' title='bbox 490 4089 520 4143; x_wconf 83' lang='lat' dir='ltr'><strong>p.</strong></span> <span class='ocrx_word' id='word_1_247' title='bbox 541 4072 577 4128; x_wconf 82' lang='lat'><strong>49</strong></span> <span class='ocrx_word' id='word_1_248' title='bbox 595 4073 678 4127; x_wconf 85' lang='lat' dir='ltr'><strong>inter</strong></span> <span class='ocrx_word' id='word_1_249' title='bbox 695 4076 812 4143; x_wconf 83' lang='lat' dir='ltr'><strong>patrem</strong></span> <span class='ocrx_word' id='word_1_250' title='bbox 840 4075 872 4125; x_wconf 79' lang='lat' dir='ltr'><strong>et</strong></span> <span class='ocrx_word' id='word_1_251' title='bbox 887 4067 982 4122; x_wconf 88' lang='lat' dir='ltr'><strong>filium</strong></span> <span class='ocrx_word' id='word_1_252' title='bbox 1013 4073 1043 4122; x_wconf 89' lang='lat' dir='ltr'><strong>et</strong></span> <span class='ocrx_word' id='word_1_253' title='bbox 1061 4069 1090 4123; x_wconf 87' lang='lat' dir='ltr'><strong>II</strong></span> <span class='ocrx_word' id='word_1_254' title='bbox 1108 4086 1136 4139; x_wconf 88' lang='lat' dir='ltr'><strong>p.</strong></span> <span class='ocrx_word' id='word_1_255' title='bbox 1154 4069 1208 4122; x_wconf 90' lang='lat'><strong>118</strong></span> <span class='ocrx_word' id='word_1_256' title='bbox 1225 4085 1276 4140; x_wconf 87' lang='lat' dir='ltr'><strong>pa·</strong></span> 
     </span>
     <span class='ocr_line' id='line_1_34' title="bbox 209 4159 770 4233; baseline 0.011 -20"><span class='ocrx_word' id='word_1_257' title='bbox 209 4164 286 4216; x_wconf 89' lang='lat' dir='ltr'><strong>trem</strong></span> <span class='ocrx_word' id='word_1_258' title='bbox 305 4159 385 4216; x_wconf 89' lang='lat' dir='ltr'><strong>inter</strong></span> <span class='ocrx_word' id='word_1_259' title='bbox 403 4166 435 4216; x_wconf 91' lang='lat' dir='ltr'><strong>et</strong></span> <span class='ocrx_word' id='word_1_260' title='bbox 453 4161 630 4233; x_wconf 82' lang='lat' dir='ltr'><strong>magistrum</strong></span> <span class='ocrx_word' id='word_1_261' title='bbox 648 4162 770 4219; x_wconf 87' lang='lat' dir='ltr'><strong>titubat.</strong></span> 
     </span>
    </p>
   </div>
   <div class='ocr_carea' id='block_1_8' title="bbox 299 4271 1112 4424">
    <p class='ocr_par' dir='ltr' id='par_1_9' title="bbox 299 4271 1112 4424">
     <span class='ocr_line' id='line_1_35' title="bbox 299 4271 940 4348; baseline 0.003 -22"><span class='ocrx_word' id='word_1_262' title='bbox 299 4273 342 4342; x_wconf 89' lang='grc'><strong>10)</strong></span> <span class='ocrx_word' id='word_1_263' title='bbox 365 4271 471 4330; x_wconf 81' lang='lat' dir='ltr'><strong>Jahnii</strong></span> <span class='ocrx_word' id='word_1_264' title='bbox 490 4292 556 4329; x_wconf 84' lang='lat' dir='ltr'><strong>ann.</strong></span> <span class='ocrx_word' id='word_1_265' title='bbox 577 4292 603 4330; x_wconf 84' lang='lat' dir='ltr'><strong>s.</strong></span> <span class='ocrx_word' id='word_1_266' title='bbox 623 4279 693 4335; x_wconf 88' lang='grc'><strong>1889</strong></span> <span class='ocrx_word' id='word_1_267' title='bbox 711 4293 739 4348; x_wconf 90' lang='lat' dir='ltr'><strong>p.</strong></span> <span class='ocrx_word' id='word_1_268' title='bbox 758 4277 810 4332; x_wconf 72' lang='lat'><strong>752</strong></span> <span class='ocrx_word' id='word_1_269' title='bbox 829 4273 896 4331; x_wconf 83' lang='lat' dir='ltr'><strong>adn.</strong></span> <span class='ocrx_word' id='word_1_270' title='bbox 917 4280 940 4330; x_wconf 78' lang='lat'><strong>2.</strong></span> 
     </span>
     <span class='ocr_line' id='line_1_36' title="bbox 1093 4373 1112 4424; baseline 0 0"><span class='ocrx_word' id='word_1_271' title='bbox 1093 4373 1112 4424; x_wconf 81' lang='lat'><strong>4</strong></span> 
     </span>
    </p>
   </div>
   <div class='ocr_carea' id='block_1_9' title="bbox 0 0 1582 4966">
    <p class='ocr_par' dir='ltr' id='par_1_10' title="bbox 0 0 1582 4966">
     <span class='ocr_line' id='line_1_37' title="bbox 0 0 1582 4966; baseline 0 1"><span class='ocrx_word' id='word_1_272' title='bbox 0 0 1582 4966; x_wconf 95' lang='lat' dir='ltr'><strong> </strong></span> 
     </span>
    </p>
   </div>
  </div>
 </body>
</html>
