3156 4966
692 547 868 604 ..55-

245 719 387 785 Pindari
411 719 568 785 criticum
584 719 832 803 cognoscimus,
855 725 894 784 ut
913 715 987 783 fieri
1002 738 1071 782 non
1086 715 1204 803 possit,
1228 714 1309 800 quin

245 830 420 906 iudicium,
457 828 546 915 quod
580 828 623 894 de
646 827 809 895 Chaeride
832 831 1019 913 interprete
1041 825 1194 909 fecimus,
1233 846 1309 909 quo-

246 937 426 1006 dammodo
439 939 654 1006 moderemur
668 938 871 1024 laudemque
887 924 1111 1018 coerceamus,
1127 935 1195 1000 nisi
1209 934 1308 1016 forte,

244 1054 285 1115 ut
306 1039 434 1115 famam
458 1047 674 1135 grammatici
689 1046 861 1132 integram
876 1063 1040 1129 tueamur,
1064 1067 1162 1113 curas
1183 1043 1309 1110 Aristo·
1334 1083 1337 1089 ·

244 1158 352 1246 phuni
385 1165 527 1225 navatae
563 1159 606 1224 ad
631 1156 829 1224 umbilicum
858 1155 1013 1222 redactae
1036 1179 1110 1222 esse
1132 1177 1308 1242 negamus.

247 1269 376 1346 Quodsi
393 1268 449 1334 ita
483 1274 581 1352 esset,
615 1266 716 1333 facile
751 1265 888 1333 evenire
917 1266 1037 1353 potuit,
1071 1272 1110 1332 ut
1133 1264 1309 1331 Chaeridis

243 1379 335 1445 filius
358 1375 618 1463 'Amolirirrogssssl
646 1377 776 1464 pariter
799 1375 920 1442 studiis
943 1382 1123 1464 poetarum
1145 1374 1309 1462 interpre-

245 1488 380 1555 tatoriis
404 1495 590 1577 occupatus
614 1487 657 1553 ab
673 1489 823 1553 Homero
846 1486 889 1551 ad
907 1485 1171 1575 Aristophanem
1187 1485 1309 1550 duetus

242 1601 352 1688 patris
376 1598 638 1665 commentarios
662 1596 848 1684 compleret
869 1597 1018 1681 limeque
1040 1601 1309 1682 persequeretur.

244 1709 312 1774 Sed
335 1709 523 1790 redeamus,
560 1706 650 1772 unde
674 1707 804 1792 egressi
826 1729 953 1772 sumus:
986 1706 1078 1773 haud
1100 1706 1220 1791 magni
1242 1727 1310 1772 mo·

246 1818 356 1884 menti
381 1825 434 1884 eet
457 1816 563 1884 schol.
588 1819 691 1904 Veep.
709 1815 827 1900 crde)
850 1817 910 1884 ubi
933 1819 974 1882 ad
990 1816 1310 1904 interpretationem

244 1928 339 1993 vocis
364 1926 485 2016 κήθιον
518 1937 700 2010 vocamur,'
724 1925 814 2011 quod
833 1913 989 2002 ‚Chaeris
1022 1932 1057 1991 et
1091 1926 1309 2014 Euphronius

244 2034 395 2122 τρυβλίον
418 2063 451 2104 τι
475 2031 563 2116 εἶδος
586 2035 792 2102 enodabant.
840 2033 907 2101 Sed
942 2057 1079 2124 prorsus
1114 2035 1307 2118 absurdum,

242 2168 354 2234 paene
377 2146 449 2212 dixi
472 2146 612 2213 scurrile
637 2144 1152 2239 estechol.Ran.1028‚uquod
1175 2144 1309 2212 Choeri-

127 2294 130 2300 ·
245 2256 322 2322 dem
346 2255 587 2345 Aristophanis
621 2262 853 2321 enarratorem
888 2253 1110 2320 deridiculum
1146 2260 1181 2320 et
1220 2259 1308 2321 dam·

243 2366 383 2434 natione
407 2365 627 2433 acerbissima
649 2365 795 2452 dignum
817 2369 979 2453 praestat.
1025 2365 1104 2452 Ipse
1126 2363 1242 2450 igitur,
1265 2389 1309 2431 ne

245 2477 347 2542 nimis
371 2478 495 2542 acriter
510 2497 565 2540 me
580 2459 790 2541 iudicantem
806 2472 1066 2556 existimaveris,
1088 2472 1188 2540 istius
1203 2475 1298 2542 herio

246 2586 391 2653 lationes
414 2584 545 2652 audias.
590 2584 694 2651 codd.
719 2584 825 2650 verba
848 2607 914 2650 vss.
940 2584 1024 2650 1028
1048 2607 1098 2670 sq:

244 2691 360 2784 ἐχάρην
383 2701 464 2782 γυῦνι
489 2689 573 2785 ἡνίκ’
596 2685 718 2782 ἥκουσα
742 2693 820 2779 περὶ
843 2691 984 2781 Δαρείου
1006 2696 1195 2774 τεθνεῶτος,

245 2801 262 2869 ὁ
287 2801 384 2891 χορὸς
408 2806 437 2871 δ’
461 2799 561 2884 εὐθὺς
584 2807 632 2891 τῷ
654 2805 734 2887 χειρ’
758 2800 820 2870 uidi
844 2804 1041 2889 συγκροίισας
1064 2798 1157 2871 εἶπεν
1180 2802 1276 2886 ἰαυοῖ,

244 2936 331 3000 quae
354 2913 398 2978 ed
418 2913 578 2999 Aeschyli
601 2915 723 2978 P'ersas
746 2911 900 2997 tendunt,
923 2921 1032 2982 metro
1056 2939 1095 2982 ac
1118 2915 1308 2982 sententiae

241 3045 435 3113 repugnare
458 3024 623 3108 foedeque
639 3030 798 3112 corrupta
813 3043 887 3089 esee
904 3024 1121 3091 manifestum
1135 3025 1176 3090 fit
1188 3026 1309 3105 causis,

242 3157 325 3220 ques
335 3133 573 3222 Aristophanis
586 3140 835 3200 commentator
846 3133 987 3200 ineunte
1000 3135 1129 3202 scholio
1146 3135 1307 3222 explicat:

245 3297 250 3309 .
280 3296 287 3311 .
314 3296 321 3310 .
347 3296 352 3309 .
374 3241 426 3312 Ἐν
449 3247 519 3322 τοῖς
553 3242 743 3332 φερομένοις
766 3241 937 3326 Αἰσχύλου
960 3244 1105 3332 Πέρσαις
1138 3239 1211 3313 οὔτε
1235 3249 1305 3312 Δα-

244 3353 332 3438 ρείου
356 3353 503 3431 θάνατος
528 3346 768 3440 ἀπαγγέλλεται
803 3344 875 3418 otte
903 3353 999 3438 χορὸς
1022 3351 1081 3434 τὰς
1103 3359 1213 3442 χεῖρας
1237 3377 1311 3441 σογ-

242 3462 382 3552 νιρούσας
405 3463 489 3550 λέγει
515 3459 612 3545 ἰαυοῖ,
646 3459 728 3529 ἄλλά
762 3459 804 3530 τοὶ
837 3463 897 3547 μὲν
926 3461 1104 3550 πράγματα
1128 3459 1306 3532 ὑπόκειται

241 3572 274 3640 έν
290 3571 428 3652 §cicccc
450 3570 506 3639 καὶ
524 3569 706 3659 περίφοβος
728 3570 818 3640 ἐστιν
841 3569 861 3664 ἦ
883 3571 988 3666 μήτηρ
1006 3572 1124 3662 Ξέρξου
1138 3572 1173 3653 ἕξ
1184 3568 1309 3661 ὀνείρου

241 3681 344 3762 τινός·
383 3681 477 3768 χορὸς
512 3681 548 3750 δέ
587 3667 725 3767 Περσῶν
762 3681 922 3769 γερόντων
960 3685 1188 3771 διαλεγόμενος
1223 3682 1308 3769 πρὸς

241 3791 352 3876 αὐτήν,
376 3783 448 3858 εἶτα
469 3785 599 3878 ἅγγελος
614 3787 827 3876 ἀπαγγέλλων
843 3790 900 3882 τὴν
913 3793 989 3879 περὶ
1002 3796 1172 3878 Σαλαμῖνα
1191 3821 1307 3882 ναυγια·

240 3904 315 3986 χίαν
349 3902 406 3970 καὶ
440 3900 498 3990 τὴν
532 3900 651 3986 Ξέρξου
671 3900 797 3993 ’φυγήν
853 3901 1029 3982 Quomodo
1066 3903 1307 3992 Aristophanis

240 4012 346 4112 verba
362 4009 573 4077 emendanda
590 4012 646 4076 vel
661 4009 920 4098 interpretenda
937 4020 1059 4096 essent,
1082 4013 1150 4079 iam
1174 4021 1307 4082 veteres

349 4261 394 4329 36)
414 4260 459 4317 De
481 4277 538 4334 qno
556 4262 615 4322 vid.
635 4281 662 4334 p.
681 4263 716 4317 49
736 4279 778 4334 sq.

349 4351 393 4420 37)
418 4353 493 4408 Nam
504 4356 556 4410 672
566 4372 644 4410 num.
654 4353 733 4425 apud
743 4353 882 4410 Blucium
894 4355 913 4410 l.
922 4371 978 4426 cp.
991 4358 1023 4411 61
1039 4361 1168 4412 erratum
1180 4357 1307 4416 videtur.

1096 4463 1114 4514 h
