3156 4966
697 454 875 511 ...28-

257 627 342 692 alias
364 625 459 691 vocis
483 622 702 714 γραμματική,
737 647 824 711 quae
859 647 936 690 curn
960 624 1115 691 Charetis
1145 625 1322 690 enuntiato

258 735 487 817 conferantur,
523 735 723 801 subnectere
746 756 816 799 non
839 733 1027 820 pigebitffl)
1055 733 1152 800 velut
1174 735 1218 798 ab
1243 736 1323 798 Era-

257 845 416 916 tosthene
428 845 654 930 grammatica
666 844 843 909 nominata
854 853 905 908 est
917 841 1080 930 παντελὴς
1092 841 1158 921 ἕξις
1173 842 1206 908 ἐν
1222 869 1323 928 γραμ-

257 955 409 1038 μασιν,11)
432 953 467 1017 id
483 953 574 1038 quod
586 952 741 1018 Charetis
757 952 929 1018 sententie
944 951 1135 1038 paullulum
1152 951 1321 1032 abhorret,

259 1071 294 1130 et
327 1064 537 1130 Theodosius
566 1058 817 1126 Alexandrinus
851 1061 1096 1147 grammaticus
1125 1061 1323 1148 posterioris

258 1173 381 1238 aetatis
404 1195 492 1238 saec.
515 1171 576 1238 IV.
600 1168 758 1235 similiter
780 1171 830 1236 ait
853 1167 1011 1259 ςτέχνηνῆ
1029 1169 1095 1249 ἕξιν
1118 1169 1324 1260 θεωρητικὴν

257 1283 315 1348 uui
338 1262 517 1372 ποιητικὴν
540 1283 605 1346 τῶν
633 1277 725 1364 παρὰ
749 1286 906 1368 ποιηταῖς
941 1305 976 1346 τε
1003 1279 1060 1347 καὶ
1095 1282 1325 1368 συγγραφεῦσι,

259 1394 303 1458 δι’
328 1381 365 1483 ἧς
388 1389 516 1478 ἑκάστῳ
544 1385 580 1455 τὸ
605 1385 727 1455 οἰκεῖον
750 1384 970 1469 ἀποδιδόντες
1004 1390 1039 1472 ἐξ
1060 1386 1200 1476 ἀπείρου
1222 1415 1322 1456 auru-

258 1499 384 1588 ληπτὸν
407 1499 620 1583 ποιούμεθα]

367 1611 448 1676 Jam
473 1607 760 1674 commentatione
788 1607 830 1672 de
856 1607 1012 1673 Charetis
1036 1629 1139 1695 opere
1157 1629 1323 1693 gramma-

258 1719 329 1784 tioo
353 1718 495 1803 defungi
516 1717 726 1783 festinemus.
773 1715 897 1782 Nescio
928 1739 969 1780 an
1004 1716 1096 1781 inter
1120 1717 1324 1783 clarissimos

259 1848 340 1892 suae
373 1829 496 1892 aetatis
525 1827 701 1893 Orateteos
730 1825 844 1908 fuerit,
880 1825 971 1910 quod
1002 1825 1323 1907 Graefenhanius12)

259 1935 438 2021 collegisse
462 1935 598 2001 videtur
621 1957 660 2000 eo
684 1934 774 2021 quod
796 1936 855 2000 ille
878 1935 1140 2020 grammaticam
1163 1933 1230 2016 ἕξιν
1252 1930 1322 2001 ἀπὸ

259 2042 370 2132 τέχνης
398 2045 647 2132 διαγνωστικήν,
676 2065 746 2109 non
770 2042 946 2128 ἐμπειρίαν
975 2045 1073 2110 velut
1100 2044 1322 2126 Aristarchei,

258 2153 446 2239 Dionysius
463 2153 579 2218 Thrax
602 2152 705 2238 alii13)
730 2153 898 2234 definivit,
923 2151 1047 2217 deinde
1064 2153 1155 2238 quod
1178 2153 1325 2219 Cratetis

259 2262 423 2328 Mallotes
453 2261 647 2349 opinionem
675 2262 766 2328 inter
794 2265 953 2329 criticum
987 2285 1026 2328 ac
1063 2262 1324 2348 grammaticum

260 2371 541 2456 distinguendum
564 2393 638 2435 esse
653 2371 907 2454 redintegrasse
923 2371 980 2437 vel
1002 2374 1182 2436 occasione
1206 2372 1322 2437 oblata

259 2483 297 2546 in
319 2481 554 2567 quaestionem
582 2500 723 2545 vocasse
751 2479 944 2567 videtur:14)
976 2479 1045 2545 ‘ille
1069 2480 1162 2546 enim
1185 2490 1321 2546 conten-

260 2591 358 2656 derat
387 2591 545 2656 criticum
579 2588 715 2655 differre
744 2611 765 2654 a
798 2589 1034 2674 grammatico.
1081 2590 1128 2654 Et
1162 2590 1323 2656 criticum
1391 2633 1394 2640 .

261 2700 397 2786 quidem
422 2699 506 2764 dicit
539 2703 695 2786 oportere
723 2698 874 2785 peritum
907 2721 980 2764 esse
1013 2701 1125 2764 omnis
1148 2699 1322 2780 scientiae,

261 2832 347 2895 quae
371 2813 414 2875 ad
442 2807 668 2874 eruditionem
695 2807 881 2894 pertineat3
913 2807 1179 2893 grammaticum
1209 2814 1325 2874 autem

261 2942 334 2985 esse
357 2925 493 3004 tanturn
515 2917 739 3002 interpretem
777 2915 1017 2982 inusitatorum
1051 2939 1176 2982 vocum
1199 2924 1235 2982 et
1257 2924 1326 2982 tra·

261 3028 341 3092 dere
379 3032 541 3091 accentus
570 3045 677 3109 eaque
716 3045 802 3110 quae
826 3025 965 3091 scienda
1002 3026 1073 3090 sint
1109 3027 1163 3092 his
1186 3027 1323 3092 similia.

262 3139 309 3202 Et
331 3136 408 3203 ideo
432 3135 528 3200 illum
552 3133 685 3220 quidem
714 3155 787 3199 esse
816 3134 961 3200 similem
985 3135 1181 3219 architecto,
1211 3157 1323 3221 gram-

262 3245 428 3311 maticum
451 3248 566 3310 autem
588 3241 747 3308 ministro
757 3243 772 3306 !'

364 3359 477 3439 Atque
500 3352 564 3418 hac
592 3358 694 3418 tenus
716 3351 813 3417 filum
842 3351 1212 3419 commentatiunculae
1241 3350 1325 3416 oha-

261 3463 344 3528 retis
368 3462 555 3529 studiorum
578 3461 740 3546 reliquias
755 3461 933 3548 percurrit,
954 3460 1077 3545 quibus
1094 3461 1198 3526 etiam
1209 3481 1324 3545 quam-

368 3697 412 3762 10)
431 3692 472 3748 Of.
492 3691 681 3747 Graefenhan
699 3691 718 3743 l.
738 3709 762 3744 e.
780 3691 794 3743 I
811 3708 840 3761 p.
859 3695 911 3748 341
930 3707 972 3760 sq.

368 3785 411 3854 11)
431 3783 528 3839 Schol.
547 3782 585 3836 ad
602 3781 726 3852 Dionys.
745 3782 816 3838 Thr.
834 3799 863 3852 p.
884 3786 977 3846 116,10
995 3780 1076 3850 Hilg,
1237 3849 1238 3854 ἵ

367 3877 411 3944 12)
430 3875 466 3929 In
484 3890 538 3930 suo
556 3871 654 3928 indice
673 3873 713 3928 IV
731 3891 759 3944 p.
777 3874 829 3928 469
849 3873 984 3928 nominat
1000 3871 1224 3942 Pergamenum.

368 3969 412 4034 13)
431 3962 621 4020 Graefenhan
639 3963 657 4017 l.
678 3980 701 4019 c.
721 3964 844 4035 1p.432.

364 4059 411 4126 14)
431 4056 549 4121 Lerseh,
569 4055 834 4126 Spraehphil.pars
853 4054 906 4126 Ip.
920 4056 954 4110 69
964 4053 1030 4113 infr,
1044 4053 1211 4109 reluctante
1229 4053 1325 4108 Stein-

261 4141 357 4202 thalio
375 4148 395 4204 1.
414 4151 501 4218 c.2p.
523 4148 575 4201 176
594 4145 670 4211 adn,
701 4145 779 4217 quod
802 4145 875 4200 mihi
907 4145 1025 4216 quidem
1055 4144 1240 4213 argumentis
1269 4159 1324 4200 nec

263 4239 381 4295 firmare
398 4255 454 4294 nec
473 4238 607 4293 refellere
626 4241 657 4292 in
676 4239 775 4292 animo
794 4245 848 4295 est.
