3156 4966
713 488 891 546 -64-

272 681 392 726 norem
413 658 450 724 in
474 659 546 725 eius
569 659 788 746 reliquiarum
804 659 965 726 thesauro
987 659 1181 726 rettulimus
1202 657 1256 744 (fr.
1273 659 1339 745 17).

274 769 343 835 Sed
366 791 445 834 oum
466 767 646 848 Pindarus,
678 780 717 835 ut
740 767 866 836 scholio
889 769 965 856 ipso
989 773 1137 850 notatur,
1166 767 1339 856 Orpheum

274 877 409 965 saepius
437 875 564 963 Oeagri
598 877 708 945 filium
740 877 982 961 nominaverit,
1020 878 1127 944 satius
1168 883 1221 942 est
1262 899 1341 944 oum

272 985 440 1071 Blauio35)
467 987 675 1053 ‘accuratam
709 1007 896 1072 sanamque
918 987 1092 1054 Ammonii
1125 986 1339 1051 sententiam’

274 1093 447 1183 amplecti,
472 1099 529 1181 qui
552 1099 602 1164 ait
615 1097 704 1162 nihil
718 1095 786 1162 nisi
800 1095 866 1161 hoo
885 1095 952 1161 sibi
972 1096 1062 1162 velle
1079 1094 1186 1160 verba
1200 1099 1339 1182 poetae:

275 1200 374 1272 ὁσοῦ
394 1199 601 1285 ’Λπόλλωνος
622 1206 788 1290 μουσικός.
833 1206 959 1271 Restat
985 1203 1090 1270 schol.
1113 1204 1211 1271 Nem.
1236 1205 1262 1285 l,
1285 1203 1339 1285 49,

275 1334 344 1400 quo
367 1335 470 1379 versu
484 1315 654 1381 Pindarus
670 1314 793 1380 audaci
813 1314 912 1397 saltu,
932 1321 972 1380 ut
987 1337 1024 1379 se
1040 1313 1215 1380 hominum
1233 1313 1340 1378 avari-

273 1424 359 1488 tiam
382 1429 417 1489 et
438 1423 709 1491 illiberalitatem
743 1423 904 1489 damnare
932 1424 1093 1509 laudique
1124 1429 1341 1488 strenuorum

251 1533 425 1600 ,virorum
466 1533 603 1599 studere
644 1532 865 1616 demonstret,
904 1532 948 1598 ad
983 1531 1143 1599 Herculis
1176 1531 1339 1614 fabulam,

276 1647 400 1729 utpote
424 1641 483 1727 qui
504 1642 573 1707 iam
596 1641 707 1710 infans
729 1643 894 1709 virtutem
916 1641 1124 1729 probaverit,
1158 1640 1341 1723 transiluit,

275 1773 429 1835 eumque,
453 1758 493 1816 ut
515 1751 661 1835 videtur,
684 1775 762 1819 cum
777 1752 945 1834 Chromi0‚
969 1751 1025 1816 oui
1047 1771 1186 1816 carmen
1200 1749 1341 1814 missum

275 1865 337 1942 est,
365 1867 551 1947 comparat,
578 1860 671 1926 unde
701 1861 855 1946 quaestio
887 1859 1003 1944 oritur,
1028 1882 1094 1945 qua
1120 1864 1237 1925 mente
1258 1857 1291 1923 h.
1317 1857 1341 1922 l.

273 1974 377 2056 poeta
408 1969 593 2034 Herculem
630 1969 770 2055 eiusque
800 1992 854 2036 res
889 1979 1003 2054 gestas
1038 1969 1205 2055 attigerit.
1256 1969 1343 2032 Post

274 2076 465 2143 Aristarchi
499 2078 710 2164 aliorumque
743 2079 933 2146 sententias
968 2078 1144 2145 Chaeridis
1184 2079 1342 2144 doctrina

228 2249 230 2253 .
275 2186 479 2273 explanatur
503 2179 559 2254 ὅτι
582 2181 600 2253 ὁ
620 2184 772 2273 Χρόμιος
795 2187 903 2276 πολλὰ
926 2186 1139 2275 σοαπονήσας
1161 2191 1209 2276 τῷ
1220 2181 1342 2273 Ἱέρωνι

274 2293 360 2361 κατὰ
383 2291 443 2386 σὴν
465 2293 566 2386 ἀρχὴν
581 2292 725 2386 ἀμοιβῆς
746 2295 854 2379 ἔτυχεν
869 2296 905 2376 ἐξ
919 2294 1025 2381 αὐτοῦ,
1060 2291 1106 2377 c‘o'g
1128 2322 1163 2363 σε
1189 2295 1225 2363 ἐκ
1249 2319 1343 2379 περι-

275 2404 388 2484 ουσίας
409 2404 467 2472 καὶ
492 2403 760 2496 λπποσροφῆσαι.
800 2400 845 2484 ὥς
869 2398 925 2473 οὗν
949 2397 1041 2486 οὗτος
1064 2406 1216 2474 ἔπαθλον
1246 2403 1344 2487 ἔλαβε

282 2511 399 2581 πόνων
415 2511 474 2605 σὴν
495 2512 704 2603 ἐπιφάνειαν,
728 2511 812 2582 οὕτω
835 2516 893 2584 καὶ
913 2512 1076 2606 Ἡρακλῆς
1099 2513 1208 2582 πολλὰ
1231 2517 1343 2581 ταλαι-

275 2621 436 2715 πωρήσας
450 2624 603 2690 ἔπαθλον
622 2621 695 2706 ἔσχε
719 2625 777 2715 σὴν
796 2622 989 2694 ἀθανασίαν
1011 2626 1069 2693 καὶ
1085 2623 1143 2694 τὸν
1158 2624 1262 2711 γάμον
1285 2627 1345 2716 τῆς

270 2726 392 2820 Ἥβης,
416 2733 508 2816 quod
530 2732 679 2804 refutare
713 2755 776 2799 nos
811 2734 1032 2822 supersedere
1054 2755 1242 2824 possumus,
1265 2756 1343 2799 cum

273 2840 444 2927 interpres
466 2847 604 2927 pergat:
638 2842 696 2908 καὶ
719 2840 803 2928 πρὸς
839 2847 953 2911 σοῦσον
988 2844 1025 2911 δὲ
1058 2845 1183 2911 ἔνεστιν
1216 2842 1340 2909 εἰπεῖν·

276 2947 310 3014 τί
334 2944 489 3039 (idoctori
507 2951 676 3034 Πίνδαρος
692 2949 829 3042 ἰδιώτην
844 2951 992 3019 ἐπαινῶν
1004 2952 1063 3045 νην
1078 2956 1134 3019 τοῦ
1145 2949 1344 3037 Ἡρακλέους

276 3059 444 3145 παρέλαβε
467 3059 637 3147 συμφορὰν
659 3058 707 3140 εἷς
729 3060 893 3141 ἐπίδειξιν
911 3059 1196 3152 σῆςφιλοπσνίας;
1220 3062 1344 3143 μᾶλλον

274 3169 335 3255 γὰρ
357 3167 430 3235 ἔδει
452 3165 639 3253 κοινότερον
660 3167 790 3248 πάντας
822 3170 899 3249 σοὺς
922 3164 1046 3248 ἄθλους
1079 3165 1127 3248 εἷς
1152 3165 1342 3256 ὑπόμνησιν

275 3277 417 3365 ἀγαγεῖν,
461 3273 516 3345 ὅτι
550 3276 701 3364 καθήρας
739 3282 798 3365 γῆν
830 3279 888 3344 καὶ
926 3276 1104 3344 θάλασσαν
1144 3273 1341 3365 ἀπεθεώθη.

277 3390 434 3476 Apparet
470 3385 580 3472 igitur
615 3385 817 3453 Chaeridem
841 3405 964 3475 campo
1000 3386 1188 3454 aesthetioo
1219 3409 1343 3474 parum

275 3495 424 3562 feliciter
445 3518 556 3581 neque
580 3495 699 3562 eodem
723 3502 849 3564 eventu
873 3503 1020 3562 certasse
1044 3517 1084 3562 ac
1107 3497 1237 3579 critico,
1275 3518 1342 3581 quo

276 3606 413 3692 quidem
437 3627 525 3685 eum,
560 3629 638 3673 cum
672 3607 716 3673 ad
740 3606 1002 3693 Aristophanem
1030 3605 1215 3688 accederet,
1248 3607 1343 3691 inge-

273 3715 369 3781 nium
391 3714 580 3781 deseruisse
602 3715 771 3784 videatur.

380 3845 510 3911 Verum
525 3845 708 3914 enimvero
724 3848 852 3931 intuiti,
869 3845 1009 3933 quaeda
1026 3844 1202 3911 Ohaeridis
1219 3843 1341 3910 studiis

274 3954 535 4044 Aristophaneis
557 3957 741 4023 traduntur
764 3978 916 4043 quaeque
940 3963 1021 4022 sunt
1042 3954 1248 4043 paucissima
1275 3957 1342 4039 (ter

273 4066 311 4129 in
336 4063 474 4132 scholiis
507 4065 608 4132 huius
641 4073 766 4154 poetae
787 4065 957 4152 ·vocatur)
991 4063 1051 4132 vix
1083 4064 1340 4149 sagacissimum

379 4283 425 4355 35)
444 4282 463 4340 1.
482 4299 507 4338 ο.
525 4301 552 4354 p.
572 4284 615 4340 65.
