3156 4966
381 679 559 744 Hactenus
582 677 707 762 omnia,
732 683 897 762 quantum
931 677 1012 759 seio,
1041 677 1215 744 Chaeridis
1249 676 1342 764 frag-

275 792 392 853 menta
414 786 599 854 Homerios
615 788 909 874 perlustravimus.
956 787 1075 871 Neque
1091 787 1253 872 exiguam
1269 809 1341 871 pro-

274 895 368 964 11111
385 917 525 984 operam
547 896 690 962 Pindari
712 897 921 965 carminibus
944 895 1123 985 impendit,
1147 895 1239 964 unde
1269 895 1342 963 eius

275 1006 387 1092 gloria
408 1011 449 1072 ut
471 1006 583 1072 oritioi
605 1004 863 1091 diligentissimi
877 1027 1013 1072 neonon
1034 1003 1233 1092 interpretis
1248 1007 1342 1092 iuge

278 1115 464 1182 niosissimi
486 1115 600 1200 magis
623 1116 802 1201 magisque
824 1114 980 1182 luoesoit.
1025 1115 1182 1199 Namque
1204 1116 1341 1204 saepius

276 1223 315 1290 in
337 1231 412 1291 arte
436 1224 559 1291 oritioa
582 1233 684 1309 atque
706 1224 988 1313 interpretatoria
1002 1228 1101 1291 tanto
1119 1223 1253 1308 ingenii
1267 1245 1341 1290 eou-

274 1333 367 1400 mine
389 1340 551 1419 tantaque
573 1333 712 1401 fortuna
735 1339 912 1419 grassatus
949 1338 1011 1416 est,
1044 1339 1085 1398 ut
1107 1333 1342 1415 Boeolrhius28)

275 1442 401 1528 aliique
438 1443 580 1510 Pindari
613 1443 714 1510 huius
749 1443 873 1510 aetatis
906 1441 1055 1508 editores
1092 1463 1339 1528 nonnunquam

275 1551 501 1634 coniecturas,
535 1574 620 1636 quas
653 1551 878 1628 emendatrioi
912 1573 1018 1617 manu
1040 1550 1247 1635 confecerat,
1270 1573 1341 1618 non

275 1661 385 1728 solum
417 1661 574 1750 probare,
608 1661 669 1728 sed
703 1661 808 1728 etiam
841 1661 876 1728 iu
911 1667 1046 1728 textum
1080 1660 1233 1748 resipere
1269 1683 1339 1726 non

274 1769 520 1836 dubitaverint.
578 1771 653 1850 Quo
690 1771 803 1856 magis
842 1771 1026 1838 dolendum
1067 1776 1129 1852 est,
1168 1768 1259 1854 quod
1297 1793 1340 1836 ex

275 1878 370 1946 hisee
414 1880 555 1946 Pindari
594 1880 858 1961 commentariis,
902 1886 943 1946 ut
979 1879 1127 1962 videtur,
1173 1879 1340 1968 amplissi-

274 1989 339 2054 mis
369 1987 471 2056 hodie
504 1988 592 2054 nihil
622 1989 692 2054 fere
723 1995 909 2075 supersunt
934 1987 1000 2054 nisi
1038 1988 1181 2074 pannuli
1209 1987 1339 2073 aliquot

278 2095 487 2182 defrustrati,
511 2119 594 2182 quos
617 2097 889 2182 breviataque
912 2097 1012 2164 deoet
1034 2097 1096 2180 uti,
1119 2120 1211 2163 nuno
1226 2097 1338 2164 denuo

223 2246 226 2252 ·
277 2228 442 2274 consuere
476 2248 517 2258 -
553 2207 614 2272 vix
636 2210 727 2272 euim
761 2206 844 2272 novi
878 2209 1061 2291 quiequam
1097 2206 1213 2272 Blauii
1235 2205 1337 2272 dietis

275 2329 458 2402 possumus
482 2314 670 2400 adiungere
692 2353 736 2364 —
758 2315 792 2380 h.
816 2316 840 2382 l.
863 2336 1035 2403 paramus.

382 2429 432 2490 Ao
467 2423 616 2509 vestigia
640 2423 817 2490 Chaeridis
850 2423 1040 2492 industrias
1069 2423 1106 2490 in
1128 2423 1337 2489 carminibus

274 2530 467 2600 Pindariois
489 2535 622 2620 positae
644 2533 790 2598 maxime
813 2532 850 2598 in
877 2533 989 2600 luoem
1012 2533 1184 2620 prodeunt
1218 2532 1336 2599 soholl.

273 2642 374 2725 Pyth.
397 2645 457 2728 IV,
481 2643 542 2709 ubi
563 2645 684 2710 novies
706 2643 904 2709 nominatur
938 2640 983 2708 ad
1010 2661 1080 2707 vss.
1106 2645 1157 2710 18.
1181 2645 1237 2710 61.
1263 2643 1337 2709 156.

276 2751 351 2822 188.
378 2753 451 2819 195.
476 2751 552 2817 259.
575 2750 652 2817 313.
675 2754 752 2819 446.
775 2753 840 2818 459
865 2751 1092 2838 (earminaut
1114 2753 1248 2833 seimus,
1262 2751 1336 2814 laus

274 2859 673 2944 celebraturnroesilae,
707 2861 800 2946 regis
835 2862 1096 2947 Cyrenaeorum,
1129 2858 1189 2942 qui
1211 2852 1335 2944 ἅρματι

273 2960 419 3054 vicerat)
443 3007 487 3020 ·-
516 2967 639 3046 deinde
671 2977 789 3036 noster
822 2970 927 3036 semel
960 2975 1096 3036 tantum
1127 2971 1336 3033 memoretur

273 3077 377 3144 sohol.
400 3077 497 3142 Nem.
519 3080 537 3142 I
558 3078 612 3162 49,
637 3080 688 3144 ‘ut
721 3078 875 3158 eandem,
910 3101 1012 3164 quam
1045 3084 1202 3145 veterum
1233 3074 1335 3140 inter·

271 3191 408 3274 pratum
447 3185 544 3252 multi
578 3193 705 3254 sortem
744 3187 882 3255 Chaeris
922 3188 1059 3254 videtur
1091 3207 1213 3273 passus
1249 3205 1333 3265 esse,

271 3319 358 3380 quae
382 3294 514 3361 11111111
536 3294 573 3361 in
603 3295 717 3382 aliqua
740 3303 876 3364 tantum
910 3298 983 3365 eius
1019 3295 1207 3384 scriptoris,
1232 3315 1334 3379 quern

270 3404 314 3470 ad
336 3404 579 3470 illustrandum
601 3405 666 3472 sibi
689 3407 900 3495 sumpsisset,
935 3413 1035 3494 parte
1068 3405 1260 3472 studiorum
1281 3426 1333 3469 re-

269 3512 392 3597 liquias
415 3513 538 3579 1111111
561 3514 700 3581 abolitis
735 3519 777 3582 ad
812 3522 967 3583 nostram
989 3515 1189 3581 memoriam
1212 3513 1332 3580 siverit

268 3621 412 3708 ferri’.2⁹)
436 3624 530 3700 Quae
554 3622 583 3688 11
606 3625 728 3690 oursim
755 3623 998 3711 percensueris,
1033 3629 1178 3713 apparet
1200 3621 1332 3689 Chaeri-

269 3731 346 3797 dem
370 3754 438 3798 non
461 3731 561 3798 modo
587 3733 698 3800 oritiei
722 3744 757 3798 11
778 3732 977 3821 interpretis
1006 3753 1146 3800 munere
1161 3731 1329 3812 functum,

268 3838 329 3904 sed
350 3840 455 3904 etiam
474 3840 686 3907 eonisoturas
703 3850 739 3908 11
752 3842 880 3909 iudicia
895 3865 982 3927 quae
997 3848 1126 3908 vooant
1140 3841 1331 3908 aesthetioa

267 3949 413 4035 aggredi
435 3971 555 4014 ausum
577 3970 670 4029 esse,
702 3957 805 4036 atque
834 3975 876 4018 ex
898 3950 982 4017 loeis
1006 3973 1109 4038 supra
1133 3951 1246 4018 allatis
1269 3951 1330 4016 eri·

267 4059 328 4124 1111
346 4065 427 4123 eunt
450 4056 730 4145 oonieoturasque
754 4060 990 4149 suppeditant:
1016 4059 1145 4126 scholia
1156 4060 1258 4145 Pyth.
1269 4061 1328 4142 IV,

341 4172 413 4284 --2Sl
431 4215 522 4286 praef.
543 4216 612 4272 edit.
631 4219 691 4273 vol.
710 4217 741 4270 ΙΙ
761 4235 789 4288 p.
810 4216 889 4272 XVI.

371 4309 416 4378 29)
435 4306 512 4363 Blau
529 4307 546 4362 l.
569 4325 592 4362 1.
610 4325 638 4378 p.
658 4309 700 4366 63.
