3156 4966
701 483 860 542 -3-

713 657 793 760 Gap.
821 659 852 739 Ι.
895 640 899 650 ’

247 803 436 904 Quaeritur
464 808 531 886 tuo
559 807 791 913 grammatici,
823 805 959 886 thares
989 809 1025 885 el
1054 805 1200 886 creeris
1235 825 1314 908 num

331 934 534 1012 exstiterint
562 951 607 1010 ac
636 933 800 1030 quidnam
832 933 970 1031 utrique
999 933 1048 1011 eit
1076 934 1240 1014 dandum

352 1075 428 1140 Jam
451 1051 533 1140 vero
566 1080 748 1159 antequam
778 1076 821 1141 ad
855 1075 1072 1162 propositum
1095 1073 1318 1159 accingamur

187 1171 189 1174 ¹
248 1205 385 1249 necesse
402 1189 461 1262 ¹est
477 1184 670 1250 accuratius
690 1184 871 1269 inquirere,
896 1184 1103 1269 quibusnam
1118 1182 1204 1249 locis
1228 1180 1316 1246 codi-

246 1315 324 1356 cum
340 1290 453 1381 Χάρης
473 1294 528 1359 vel
543 1299 667 1377 Χαῖρις
681 1315 806 1359 nomen
823 1292 1004 1376 legendum
1020 1292 1076 1374 sit,
1101 1313 1188 1377 quae
1205 1290 1314 1357 adhuc

246 1408 299 1468 est
319 1402 411 1468 inter
433 1404 588 1469 homines
611 1404 731 1469 doctos
755 1403 999 1487 controversia,
1032 1423 1135 1487 quam
1157 1400 1315 1489 inprimis

245 1509 403 1576 dirimere
426 1533 495 1578 non
530 1513 679 1578 alienum
703 1513 849 1592 videtur,
885 1535 963 1578 oum
997 1515 1119 1592 omnia,
1152 1531 1239 1594 quae
1272 1509 1315 1574 de

245 1619 379 1686 illorum
417 1621 615 1708 praeceptis
653 1621 863 1710 disputaturi
901 1645 1025 1704 sumuS,
1064 1622 1240 1708 pendeant
1273 1641 1315 1683 ex

245 1728 452 1812 quaestione,
478 1730 560 1813 quid
579 1729 744 1812 Charetis,
767 1730 849 1815 quid
866 1730 1043 1796 Chaeridis
1062 1730 1116 1812 sit,
1140 1726 1314 1794 solvenda·

245 1842 359 1922 Atque
383 1837 425 1902 de
450 1823 617 1904 Chaeride
640 1838 777 1924 quidem
801 1839 1035 1925 grammatice,
1070 1858 1172 1922 quem
1205 1837 1315 1902 nobili

245 1945 543 2012 Aristarcheorum
552 1948 851 2014 contubernioviri
860 1947 1183 2016 doctiadnumerare
1195 1945 1315 2026 solent,

245 2064 417 2142 postremo
447 2054 615 2143 copiosius
643 2056 804 2124 disseruit
828 2065 867 2122 A.
892 2055 1073 2142 Blauius,1)
1109 2057 1204 2119 ouius
1228 2075 1315 2120 com·

245 2164 421 2248 mentatio,
455 2165 583 2252 quippe
618 2166 677 2250 qui
711 2166 907 2252 fragmenta
930 2186 1120 2252 excerpere,
1157 2163 1315 2246 limitare,

245 2271 433 2360 disponere,
458 2274 615 2354 noluerit,
638 2279 755 2342 nescio
779 2299 823 2341 an
846 2277 898 2357 iis,
923 2277 983 2360 qui
998 2274 1082 2340 talia
1102 2271 1205 2337 altius
1228 2278 1316 2337 trac·

244 2387 317 2446 tare
355 2389 617 2463 consueverunt,
655 2383 816 2450 sufficiat.
862 2385 953 2451 Nam
985 2382 1109 2448 studiis
1140 2380 1314 2446 Chaeridis

245 2490 447 2576 singulatim
469 2492 689 2578 pertractatis
724 2495 866 2578 ratione,
901 2515 985 2578 quae
1019 2491 1118 2556 inter.
1134 2495 1256 2573 Χαῖρις
1279 2497 1315 2555 et

188 2655 190 2658 .
245 2597 357 2688 Χάρης
379 2600 582 2687 scripturam
600 2602 793 2688 promiscue
809 2602 846 2667 in
863 2602 1038 2668 codicibus
1055 2598 1195 2680 obviarn
1208 2599 1314 2665 inter-

245 2709 352 2789 cedat,
375 2708 592 2794 paucissimis
609 2710 791 2776 defunctus
805 2719 860 2776 est
871 2711 1044 2798 professus
1057 2731 1093 2774 se
1106 2708 1313 2774 existumare
1346 2717 1352 2728 ’

248 2815 439 2883 ‘Charetem
456 2823 721 2902 grammaticum
740 2818 878 2885 omnino
895 2840 964 2884 non
980 2817 1096 2900 fuisse,
1111 2817 1172 2884 sed
1186 2817 1313 2902 ubique

245 2948 307 3012 pro
346 2947 386 2991 eo
421 2926 596 2992 Chaeridis
635 2949 760 2992 nomen
794 2927 1077 3014 reponendum)
1123 2927 1192 2994 Sed
1229 2948 1313 2993 cave

246 3037 363 3100 credas
386 3035 547 3101 Blauium
570 3036 603 3102 h.
626 3037 648 3103 l.
674 3037 879 3102 sententiam
903 3059 1031 3103 novam
1053 3035 1313 3122 inauditamque

244 3143 437 3229 protulisse.
484 3146 509 3210 J
510 3167 565 3210 am
581 3147 840 3228 Hullemannus,
864 3168 965 3232 quem
983 3147 1162 3231 ignorasse
1176 3145 1315 3211 videtur

246 3256 429 3337 (nusquam
452 3253 544 3318 enim
567 3254 611 3319 ad
627 3276 704 3319 eum
719 3261 897 3342 provocat)
921 3254 1046 3319 abhinc
1062 3253 1314 3340 quinquaginta

244 3383 351 3448 prope
391 3383 558 3427 annorum
592 3365 704 3450 spatio
737 3364 827 3430 idem
867 3369 1029 3445 senserat,
1063 3363 1126 3448 qui
1160 3385 1236 3428 cum
1270 3363 1312 3429 de

245 3469 388 3535 Charete
412 3470 625 3555 Mytilenaeo,
656 3495 770 3539 rerum
792 3473 982 3540 Alexandri
1004 3471 1122 3556 Magni
1146 3473 1312 3560 scriptore

244 3575 336 3643 haud
358 3578 515 3664 ignobili,
536 3579 668 3665 ageret,
702 3581 817 3648 etiam
832 3590 974 3665 ceteros,
999 3602 1084 3666 quos
1107 3588 1312 3647 memoratos

243 3688 377 3754 invenit
389 3688 555 3754 Charetes
572 3691 724 3756 breviter
738 3691 953 3773 recensurus)
983 3692 1098 3774 Atque
1113 3687 1155 3754 de
1168 3689 1312 3755 Oharete

245 3819 345 3881 quem
385 3797 482 3862 aiunt
517 3802 752 3882 grammatico,
790 3800 977 3865 cavendum
1013 3821 1086 3864 esse
1121 3798 1164 3863 ab
1200 3820 1311 3864 errore

350 3991 376 4059 1)
396 3990 440 4044 De
459 3990 628 4046 Aristarchi
647 3991 812 4064 discipulis.
833 3993 904 4048 diss.
923 3993 990 4048 Jen.
1010 3994 1087 4048 1883.
1106 4009 1134 4063 p.
1153 3993 1187 4047 56
1206 4009 1248 4062 sq.

350 4083 366 4135 2
396 4082 415 4136 l.
436 4099 460 4137 c.
504 4125 509 4137 .
529 4083 572 4137 65.

349 4083 377 4238 :ti
396 4098 558 4229 Ptoleibeei
572 4172 713 4236 Eordani,
732 4173 908 4240 Aristobuli,
927 4172 1175 4229 Cassandreensis
1193 4177 1224 4229 et
1236 4173 1312 4229 Cha-

243 4261 317 4316 retis
337 4263 511 4334 Mytilenaei
528 4264 592 4319 rell.
615 4264 661 4320 ed.
679 4262 708 4320 J.
726 4263 759 4321 G.
779 4265 968 4321 Hullemenn.
986 4264 1065 4322 Trai.
1088 4271 1164 4321 1844.

1116 4365 1148 4416 1*
