3156 4966
703 445 879 502 -16-

260 613 489 680 inconsultius
513 612 566 677 vir
582 612 704 680 dootus
720 615 886 682 iudicium
908 615 1038 682 feeerit.
1084 616 1204 702 Neque
1225 618 1325 701 enim,

259 735 295 791 ut
318 724 395 805 alia,
420 743 509 808 quae
533 721 682 804 obstant,
705 721 739 786 h.
762 722 783 786 l.
806 722 911 788 missa
933 725 1108 809 faciamus,
1133 748 1249 792 seeum
1272 727 1325 792 de·

260 835 421 900 liberasse
443 828 581 896 videtur
604 829 845 896 auctoritatem
862 831 957 904 Sext.
1003 833 1171 922 Empirioi
1186 837 1324 902 maioris

259 941 422 1008 momenti
445 962 518 1008 esse
543 940 680 1025 eiusque
704 940 809 1005 libros
831 945 1101 1026 praestantiores
1125 967 1227 1030 quam
1247 968 1324 1012 ano-

258 1049 357 1133 nymi
380 1049 539 1135 Dionysii
563 1049 706 1116 Thracis
728 1050 938 1136 interpretis,
962 1051 1056 1116 ouius
1078 1053 1234 1120 libellum
1257 1059 1324 1144 pri·

259 1177 334 1220 mus
370 1155 477 1224 edidit
510 1157 729 1243 Bekkerus34)
762 1180 802 1222 ao
830 1161 1026 1247 nuperrime
1065 1163 1323 1249 Hilgardius.35)

258 1265 332 1330 lam
354 1266 531 1354 paulisper
564 1267 601 1358 in
636 1268 750 1332 animo
782 1267 888 1333 habui
919 1269 1024 1337 sohol.
1049 1270 1111 1338 Od.
1136 1299 1157 1338 οι
1180 1274 1233 1353 58,
1256 1296 1323 1359 quo

257 1371 333 1437 loeo
358 1373 399 1440 de
421 1374 534 1460 figura
556 1376 725 1442 rhetorica
749 1398 851 1462 quam
866 1383 994 1444 vooant
1017 1373 1235 1470 ἀντίστροφον
1251 1384 1321 1469 agi-

260 1494 324 1559 tur,
347 1482 391 1548 ad
414 1484 521 1550 libros
544 1485 621 1569 περὶ
651 1490 887 1572 γραμματικῆς,
923 1485 965 1551 de
989 1486 1112 1572 quibus
1148 1512 1240 1556 nuno
1276 1493 1321 1559 lo·

259 1592 403 1677 quimur‚
426 1592 571 1676 trahere,
597 1600 801 1679 argumento
825 1595 917 1660 illius
944 1599 1092 1662 maxime
1117 1609 1320 1688 commotus;

259 1700 354 1787 optio
378 1700 492 1767 datur:
525 1701 554 1766 si
581 1725 663 1768 vero
687 1702 939 1770 consideremus
962 1705 998 1770 in
1025 1705 1113 1772 libro
1144 1710 1322 1794 διορθωτι-

258 1815 323 1876 κνῦν
346 1811 482 1898 saepius
505 1812 610 1877 etism
631 1810 761 1878 iudicia
784 1813 972 1880 aesthetioa
995 1837 1035 1880 ao
1056 1815 1227 1884 rhetorica
1244 1843 1320 1886 eum

257 1920 435 1986 strinxisse
470 1921 528 2006 (of.
559 1921 689 1987 scholia
723 1921 821 1987 Pind.
846 1923 948 2008 Pyth.
968 1923 1022 1990 od.
1045 1927 1104 2008 IV,
1130 1926 1320 2013 dequibus

256 2038 377 2116 postea
399 2030 567 2116 dicemus)
591 2031 780 2097 consultius
803 2030 949 2098 fortasse
960 2032 1133 2101 videbitur
1155 2036 1321 2104 iudicium

256 2135 416 2205 cohibere
439 2162 541 2225 quam
564 2140 697 2206 ineerta
712 2161 776 2227 pro
792 2139 895 2204 certis
914 2141 1145 2229 venditareiffi)
1191 2145 1320 2212 Oontra

256 2249 317 2314 vix
337 2249 494 2336 pluribus
511 2248 744 2314 demonstrare
761 2272 844 2338 opus
860 2256 913 2315 est
928 2249 1170 2319 Villoisonium
1186 2253 1319 2322 duobus

255 2358 340 2424 loeis
364 2359 520 2446 Apollon.
556 2357 652 2445 soph.
675 2359 741 2426 lex.
766 2381 791 2423 s.
815 2382 871 2428 vv.
895 2356 990 2448 φήνη.
1024 2349 1130 2440 Ὦπος
1153 2369 1188 2427 et
1211 2365 1317 2431 sohol.

255 2467 297 2536 Il.
323 2475 353 2533 Γ
372 2468 437 2533 448
472 2467 533 2532 ubi
559 2463 776 2546 Ἀπολλώνιος
812 2465 828 2533 ὀ
863 2469 920 2534 τοῦ
943 2468 1093 2554 Χάριλλος
1126 2470 1317 2558 legebatur,

257 2576 480 2642 meritissimo
504 2575 667 2662 Χοίριδος
702 2576 901 2642 emendasse
936 2599 978 2642 ex
1007 2576 1113 2644 s'ohol.
1145 2581 1318 2669 Aristoph.

256 2687 361 2774 Vesp.
387 2687 484 2754 1239.

361 2797 434 2859 Iam
456 2815 539 2859 vero
562 2817 601 2861 eo
623 2796 848 2883 pervenimus,
881 2795 951 2877 ubi,
985 2804 1026 2862 ut
1048 2797 1173 2864 Graeci
1207 2799 1315 2881 aiunt,

256 2903 314 2970 ἐπὶ
338 2907 429 2988 ξορού
452 2905 589 2970 ἵσταται
612 2904 718 2990 λόγος.
764 2905 936 2971 Nunoiam
961 2907 1116 2992 quaestio
1140 2910 1239 2975 nobis
1259 2909 1320 2975 ori·

170 2993 173 3001 ⁵
255 3019 320 3096 tur,
341 3035 424 3078 num
444 3012 582 3080 omnino
605 3013 733 3079 Chares
756 3015 1003 3099 grammaticus
1026 3017 1206 3100 exstiterit,
1229 3017 1320 3102 quod

257 3124 398 3189 Blauius
432 3122 558 3208 aliique
590 3121 784 3210 praefracte
817 3132 1043 3209 negaverunt.
1103 3124 1172 3191 Sed
1199 3147 1320 3192 revera

257 3233 361 3299 talem
400 3232 574 3300 exstitisse
604 3255 681 3299 meo
720 3232 857 3317 quidem
889 3233 1015 3302 iudicio
1050 3236 1133 3302 satis
1172 3234 1320 3300 dilucide

257 3340 432 3426 colligitur
471 3365 513 3408 ex
550 3342 656 3408 sohol.
697 3342 859 3429 Apollon.
894 3342 1007 3409 Rhod.
1040 3345 1086 3428 ΙΙ,
1126 3345 1220 3426 1Οό2,
1262 3344 1320 3410 ubi

257 3451 383 3516 Chares
406 3451 544 3537 quidam
567 3448 783 3518 Ἀπολλωνίου
807 3451 968 3538 γνώριμος
982 3452 1179 3518 nominatur
1193 3451 1231 3518 in
1246 3452 1318 3518 eod.

257 3559 476 3626 celeberrimo
500 3561 653 3626 Laurent
675 3559 763 3648 plut.
785 3560 941 3644 XXXII,
966 3563 985 3626 9
1011 3562 1072 3648 (L),
1101 3562 1160 3646 qui
1181 3574 1318 3649 praeter

361 3780 407 3844 34)
425 3776 537 3834 Aneod.
556 3776 660 3835 Graan.
679 3777 711 3830 II
727 3794 756 3848 p.
775 3777 827 3831 647
846 3794 888 3847 sq.

361 3870 407 3940 35)
426 3869 621 3924 Grammatioi
640 3867 744 3924 Grseo.
764 3867 828 3922 111:
846 3867 967 3925 Soholia
985 3870 1017 3926 in
1035 3870 1174 3942 Dionysii
1192 3869 1317 3926 Thracis

255 3968 351 4017 artem
369 3960 603 4032 grammaticam.
639 3960 800 4032 Lips.1901
819 3977 848 4032 p.
861 3962 913 4017 106
927 3979 969 4032 sq.
1005 3961 1092 4018 Hanc
1105 3961 1318 4030 definitionem,

255 4052 292 4108 de
311 4070 370 4124 qua
387 4051 496 4122 agitur,
516 4051 644 4123 legimus
662 4051 694 4106 in
713 4051 818 4106 soholl.
837 4050 975 4108 ood.Vat.
989 4070 1032 4124 gr.
1046 4053 1080 4107 14
1093 4053 1214 4109 membr.
1226 4070 1317 4112 resur.

255 4161 331 4200 seeo.
350 4143 433 4208 XIII,
452 4143 489 4201 of.
508 4143 604 4215 praef.
619 4161 648 4215 p.
667 4143 757 4207 xlx,-

361 4236 407 4298 36)
425 4234 531 4306 Itaque
550 4235 694 4291 Cobetum
714 4234 797 4305 sequi
817 4235 1008 4307 praetulerim
1026 4233 1063 4289 os.
1083 4252 1173 4306 supra
1190 4252 1219 4306 p.
1239 4241 1280 4293 14.
