3156 4966
712 497 867 553 ..η-

261 691 365 750 mum,
390 689 456 750 quo
472 673 584 734 aetate
594 667 864 752 Byzantinorum
883 669 988 735 libros
1004 667 1105 733 valde
1128 667 1324 753 inquinatos

257 800 330 844 esse
360 782 504 858 constat,
534 776 639 841 etiam
664 779 929 865 permutationis
952 777 1034 844 ordo
1058 778 1257 860 contrarius²
1284 786 1323 843 ut

257 887 370 976 Χάρης
396 888 434 952 in
457 881 565 969 Χάρις
587 886 644 952 vel
678 893 800 972 Χαῖρις
824 890 992 969 evaderet,
1026 886 1128 952 facile
1162 888 1322 972 ingruere

256 995 425 1084 potuit‚12)
447 994 544 1059 cuius
579 999 629 1060 rei
650 997 816 1061 nonnulla
851 997 1007 1084 exempla
1037 996 1321 1084 splendidissima,

259 1129 345 1193 quae
390 1103 476 1170 mihi
513 1104 598 1169 talia
648 1107 825 1188 quaerenti
867 1107 1093 1172 innotuerunt
1136 1106 1323 1191 quibusque

258 1219 403 1284 fortasse
426 1214 464 1279 in
488 1235 620 1280 summo
643 1213 838 1279 discrimine
851 1215 1060 1298 adiuvemur,
1082 1215 1139 1280 hic
1162 1215 1323 1280 brevibus

258 1322 442 1390 subiecisse
465 1345 533 1389 non
558 1325 726 1390 absonum
737 1322 888 1390 videtur:
914 1324 1322 1409 sicSchweighaeuserus

258 1434 348 1519 apud
372 1433 496 1498 Athen.
520 1431 590 1496 ΧΠ
614 1454 649 1519 p.
674 1433 740 1499 514
754 1433 790 1499 ff
811 1433 848 1499 in
871 1457 932 1500 suc
956 1433 1073 1500 codice
1087 1433 1199 1519 Χάρης
1221 1435 1323 1516 (quae

257 1542 368 1609 forma
404 1540 553 1608 nominis
582 1541 615 1606 h.
638 1540 664 1608 l.*
684 1546 724 1606 ut
751 1544 874 1606 ceteris
901 1545 1021 1630 utique
1047 1543 1247 1630 requiritur)
1271 1546 1323 1606 de·

257 1655 441 1736 provatum
463 1649 548 1734 legit
569 1649 606 1714 in
630 1649 746 1734 Χάρις,
771 1650 894 1718 deinde
918 1651 951 1715 in
975 1650 1049 1717 cod.
1075 1653 1195 1717 Venet.
1221 1653 1323 1717 Marc.

260 1758 324 1824 368
347 1756 415 1822 litt.
441 1759 469 1819 V
494 1762 671 1844 assignato
698 1759 860 1847 Xenoph.
888 1761 1023 1826 Hellen.
1050 1763 1123 1841 Vll,
1151 1761 1237 1842 2,18
1261 1782 1323 1847 pro

261 1864 398 1953 Χάρητα
420 1865 543 1933 vitiose
570 1867 700 1952 legitur
727 1866 903 1950 Χάριτα13)
932 1893 971 1934 ac
999 1870 1141 1957 perinde
1168 1871 1204 1934 in
1227 1870 1321 1935 Flav.

261 1975 402 2062 Joseph.
426 1975 504 2045 bell.
539 1977 676 2044 Judaic.
710 1977 803 2055 IV‚3
827 1977 924 2043 codd.
960 1979 1133 2044 Parisinus
1158 1982 1223 2064 (P),
1258 1980 1324 2044 Ro-

260 2084 462 2169 manuis),
486 2084 635 2151 Urbinas
649 2085 715 2173 (O),
739 2109 808 2152 uno
832 2096 948 2153 tenore
959 2110 1139 2176 perperam
1161 2089 1325 2154 exhibent

260 2191 394 2280 Χάριτα
426 2216 489 2282 pro
523 2193 668 2260 rectiore
692 2196 882 2284 Χάρητα.]4)
934 2197 1003 2262 Sed
1037 2197 1121 2262 haec
1153 2195 1190 2259 in
1217 2200 1324 2260 treus·

364 2460 410 2527 12)
429 2458 474 2513 De
506 2459 634 2514 diversis
663 2459 834 2516 hominibus
854 2461 944 2533 Χάρης
975 2473 1005 2517 91
1039 2470 1132 2532 Χιιῑρις
1163 2459 1324 2514 nominatis

258 2567 286 2604 v.
304 2549 504 2620 Pauly-Wiss.
523 2550 542 2602 l.
562 2568 586 2609 c.
607 2550 672 2606 coll.
692 2554 762 2608 2125
781 2559 811 2608 et
829 2555 898 2608 2031
919 2572 961 2625 sq.

367 2643 412 2710 13)
431 2641 465 2696 V.
484 2659 512 2713 p.
531 2643 584 2696 268
603 2641 674 2699 edit.
692 2645 822 2700 maioris.
858 2645 1049 2701 Kellerianae
1067 2663 1092 2702 a.
1112 2645 1190 2698 1890.

292 2803 294 2808 Ι
363 2733 407 2800 14)
426 2732 494 2787 Huc
523 2751 584 2788 non
614 2734 775 2806 pertinent,
808 2753 883 2807 quae
913 2737 1054 2809 leguntur
1082 2736 1113 2792 in
1144 2734 1325 2790 bibliotheca

259 2823 440 2880 Coisliniana
464 2823 535 2878 olim
553 2825 738 2896 Segueriana
755 2827 1011 2884 alloutefalconio
1031 2827 1112 2883 edita
1121 2826 1244 2882 Parisiis
1256 2829 1325 2882 1715

259 2933 287 2987 p.
306 2915 359 2970 489
379 2915 459 2969 inter
483 2915 557 2970 iuris
578 2915 725 2972 vocabula
753 2919 855 2974 ordine
883 2917 1073 2990 alphabetico
1101 2918 1215 2983 digesta
1233 2917 1325 2981 (δικῶν

258 3006 376 3068 ὀνόματα
406 3005 474 3060 κατὰ
493 3005 649 3079 άλφάβητον
663 3007 701 3063 cf.
714 3009 806 3065 Bekk.
825 3012 935 3067 Anecd.
949 3010 1053 3066 Graec.
1072 3027 1100 3081 p.
1120 3009 1235 3080 183811)
1255 3026 1277 3062 s.
1296 3026 1325 3063 V.

256 3099 407 3170 Ὀργειιῑνεςε
426 3095 509 3169 Χάρις
526 3098 592 3170 λέγει
609 3105 638 3151 ἐν
657 3101 696 3166 τῴ
714 3099 781 3155 κατά
802 3105 948 3170 Διονυσίου,
979 3119 1036 3172 quo
1055 3101 1172 3156 nomine
1192 3099 1322 3155 offensus

259 3191 412 3246 Albertius
440 3189 478 3243 ad
504 3189 636 3260 Hesych.
656 3191 687 3243 ΙΙ
698 3209 725 3261 p.
737 3193 789 3248 775
812 3193 915 3250 adut
940 3192 1030 3262 Χάρης
1058 3191 1187 3262 scripsit,
1214 3206 1325 3245 memor

259 3282 416 3337 verborum
434 3280 543 3336 Photii.
569 3300 591 3338 s.
612 3299 637 3335 v.
658 3273 673 3348 l
692 3284 716 3336 δ’
736 3282 764 3341 ὃς
792 3291 823 3339 et
851 3284 959 3339 Suidae
983 3302 1006 3338 s.
1026 3301 1052 3338 v.
1071 3283 1244 3353 Ῐ-ιιιίοοορος,
1273 3281 1325 3336 sed

222 3435 225 3440 Ι
261 3373 370 3428 merito
391 3373 558 3444 castigatus
576 3391 595 3427 a
613 3374 792 3430 Ruhnkenio
811 3375 882 3432 hist.
901 3375 965 3430 crit.
992 3380 1081 3429 oratt.
1110 3373 1190 3445 apud
1208 3374 1325 3428 Reislrii

260 3469 348 3524 oratu
374 3464 478 3519 Graec.
500 3463 571 3519 VIlI
590 3481 617 3534 p.
630 3466 689 3530 167,
721 3468 799 3538 quod
828 3467 988 3523 Charetem
1014 3465 1204 3521 notissimum
1232 3465 1324 3519 Athe·

262 3555 410 3611 niensium
442 3555 653 3626 imperatorem
683 3559 721 3625 (v.
744 3555 943 3628 Pauly-Wiss.
963 3558 982 3613 l.
1002 3575 1025 3616 c,
1054 3556 1110 3611 col.
1127 3557 1207 3623 2125)
1240 3555 1325 3610 intel·

259 3646 391 3702 lexisset.
428 3647 495 3718 Ipse
522 3665 594 3704 vero
617 3648 815 3703 Ruhnkenius
843 3655 953 3704 temere
982 3649 1150 3719 suspicatus
1178 3652 1225 3701 991
1244 3645 1326 3716 Χάρις

260 3753 297 3791 ex
315 3739 454 3808 Δείναρχος
472 3744 644 3793 truncatum
671 3755 743 3805 esse,
775 3738 853 3810 quod
872 3740 993 3808 planum
1023 3739 1121 3794 fecere
1152 3738 1268 3793 studuit
1287 3754 1324 3792 ex

258 3825 381 3899 Dionys.
400 3829 496 3883 Helio.
515 3828 546 3883 in
556 3827 697 3883 Dinarch.
708 3845 792 3901 capp.
812 3831 899 3888 10.11
911 3830 1140 3901 (Hecu-Radem.
1160 3847 1207 3900 pp.
1217 3835 1278 3892 311,
1291 3833 1324 3885 16

260 3927 291 3972 et
309 3925 371 3988 312,
383 3921 412 3978 81
442 3917 494 3974 ubi
523 3919 670 3974 Dinarchi
701 3922 851 3976 orationes
881 3925 948 3978 κατά
976 3928 1114 3976 Διονυσίου
1143 3928 1173 3977 91
1196 3921 1324 3992 ἀπολογία

258 4007 363 4078 ὕβριος
381 4011 551 4070 laudantur,
587 4011 645 4066 Sed
663 4011 798 4067 Morellio
815 4018 893 4069 teste
912 4015 943 4068 in
956 4014 1026 4069 bibl.
1040 4011 1245 4068 mss.Bassaui
1256 4012 1325 4066 1802

259 4100 340 4156 edita
358 4103 371 4154 l
390 4121 417 4174 p.
436 4103 489 4157 303
508 4119 551 4172 sq.
579 4102 611 4155 in
644 4102 707 4164 cod,
728 4104 882 4159 Marciano
901 4107 961 4162 433.
981 4105 1000 4159 l.
1020 4123 1043 4158 c.
1063 4120 1166 4174 reapse
1195 4101 1326 4156 scriben-

259 4191 328 4247 dum
359 4205 406 4250 est
433 4201 557 4263 Χαρίσιος
576 4193 613 4250 cf.
632 4194 723 4249 etiam
753 4195 844 4250 Behk.
864 4197 882 4251 l.
902 4213 924 4250 c.
945 4215 972 4267 p,
993 4199 1062 4251 1440
1077 4197 1108 4250 in
1138 4195 1235 4248 iudice
1255 4212 1277 4247 9.
1296 4211 1323 4247 v.

260 4282 356 4355 Χάρηο,
394 4285 765 4356 Itaquenullopactofieri
783 4287 890 4358 potuit,
909 4286 1009 4341 uthoc
1019 4287 1154 4358 exemplo
1165 4292 1323 4343 uteremur.
