3156 4966
273 725 308 785 et
331 737 452 801 graece
476 713 648 780 scribendi
675 736 714 778 ao
738 710 900 798 loquendi
923 709 1204 782 exercitationum
1228 709 1326 796 parti·

270 828 382 914 cipem
405 847 478 891 esse
501 822 586 889 mihi
608 821 716 891 licuit.

371 936 571 1002 Doouerunt
593 955 648 998 me
670 932 737 1000 viri
760 929 993 998 illustrissimi:

430 1046 618 1130 Boomporl,
666 1043 909 1127 Bcaaeobcrpor,
956 1039 1175 1119 Briolrmooo,
1215 1040 1327 1120 Basse,
1382 1075 1385 1080 ·

427 1155 529 1235 Erlor,
561 1148 645 1238 Jeep,
678 1153 842 1235 Ludwicb,
873 1152 984 1232 Prota,
1014 1149 1184 1230 Rossbach,
1213 1148 1327 1228 Rucbl,

427 1264 557 1342 Sobodo,
594 1262 755 1346 Sobobot,
793 1259 950 1344 Tollriobo,
993 1259 1064 1341 Ubl,
1101 1258 1328 1345 Umpfeoboob,

435 1374 558 1455 Walter,

266 1482 389 1568 quibus
412 1482 493 1548 viris
518 1480 675 1548 omnibus
699 1480 827 1569 optime
849 1483 889 1546 de
912 1503 967 1546 me
989 1478 1120 1544 meritis
1143 1477 1208 1542 hao
1232 1497 1327 1541 ocoe-

268 1592 362 1658 sione
408 1590 489 1656 data
526 1590 693 1657 maximas
732 1612 798 1676 ago
838 1591 976 1675 gratias,
1014 1587 1172 1678 inprimis
1214 1593 1327 1652 autem

267 1699 443 1766 Arthuro
459 1698 668 1782 Ludwioh,
685 1700 900 1789 praeceptori
914 1721 990 1766 meo
1014 1697 1245 1778 dilectissima,
1269 1697 1328 1781 qui
1354 1777 1356 1786 γ

268 1811 359 1876 omni
383 1810 483 1876 modo
517 1815 620 1899 atque
649 1817 802 1898 tempore
840 1816 875 1875 et
898 1830 1000 1898 opera
1033 1814 1068 1874 et
1099 1805 1240 1872 oonsilio
1274 1827 1328 1870 me

266 1918 406 2002 adiuvit,
430 1941 564 1986 necnon
579 1919 787 1987 ludovico
803 1921 919 2006 Jeep,
944 1916 1085 1984 Ottoni
1101 1914 1328 1996 Rossbach,

267 2030 418 2096 Osoaro
460 2029 634 2106 Sohade,
682 2030 900 2096 Francisoo
944 2027 1091 2110 Ruehl,
1139 2031 1327 2110 Augusto

267 2139 534 2224 Brinkmann,
581 2162 664 2224 quos
706 2162 880 2225 nunquam
919 2144 1020 2224 grato
1052 2134 1171 2201 animo
1218 2133 1327 2199 colere

270 2245 442 2316 desistam.

372 2358 504 2440 Restat,
527 2365 565 2424 ut
589 2379 848 2425 commemorem
864 2361 1080 2426 Ernestum
1096 2356 1326 2436 Hohmann,

266 2467 413 2534 amicum
437 2466 657 2550 carissimum,
690 2489 757 2552 qua
780 2468 987 2536 liberalitate
1015 2468 1051 2533 in
1075 2467 1139 2533 hoo
1164 2463 1327 2552 opusculo

265 2576 485 2664 perpoliendo
520 2569 604 2640 mili
626 2597 787 2663 praesens
810 2587 1054 2667 promptusque
1088 2575 1163 2656 fuit,
1196 2595 1327 2640 summa

267 2686 334 2751 sibi
357 2686 546 2772 gratiame
570 2684 750 2771 obligasse.

372 2797 525 2861 Examen
558 2799 647 2880 quod
682 2793 802 2861 dicunt
821 2795 1022 2882 rigorosum
1058 2819 1087 2862 a.
1112 2795 1143 2862 d.
1168 2795 1223 2859 lV.
1247 2792 1326 2860 Kal.

265 2903 351 2970 Nov.
375 2905 407 2970 h.
432 2927 461 2972 a.
486 2906 626 2971 absolvi.
