3156 4966
770 465 946 523 ...18-

331 635 437 726 νήεντι
461 637 686 726 παραλήγεται
709 635 814 723 χαίρω
837 634 940 721 χάρις,
962 632 1040 724 εἴρω
1063 636 1184 724 ἔρις-
1200 635 1318 724 κυρίως
1335 635 1395 724 γάρ

329 742 349 834 ἡ
372 745 461 833 μάχη
484 742 502 812 r‘
529 746 586 812 διὰ
605 746 709 832 λόγων
724 745 875 835 γενομένη
890 783 934 794 -
949 745 1005 811 καὶ
1017 735 1104 833 Ἰρις,
1118 742 1204 812 duim
1220 745 1258 814 τὸ
1276 744 1395 814 κόπτω

268 866 271 872 ’
331 853 414 934 ὄάϊς,
439 857 522 944 δῆῖς,
548 859 656 945 δῆρις·
688 855 725 922 τὸ
752 854 869 941 κοορίς,
894 847 916 920 d
939 853 1134 942 σημαίνεται
1162 852 1200 922 τὸ
1231 855 1393 942 ἐργαλεῖον

330 966 388 1030 τοῦ
409 965 547 1051 κουρέως
571 960 727 1049 igiacum,
750 963 789 1031 τὸ
815 965 851 1032 δὲ
875 968 998 1048 Χαῖρις
1021 961 1185 1049 Χαίριδος
1208 959 1312 1047 ὄνομα
1336 967 1390 1033 κά-

330 1098 400 1154 ριον
423 1071 607 1160 οἰροενικάνΙ
620 1075 692 1142 ἐστι
709 1071 775 1141 ari.
821 1075 946 1158 Atque,
964 1072 1176 1158 quodetiam
1192 1075 1316 1142 mirum
1332 1084 1390 1156 est,

331 1179 445 1271 Χάρης
477 1205 602 1249 nomen
639 1183 781 1249 affertur
816 1181 908 1270 apud
943 1181 1072 1248 Herod.
1103 1185 1197 1248 Pros.
1221 1186 1260 1250 Il.
1285 1189 1321 1253 Ε
1342 1187 1391 1265 10,

330 1290 390 1356 ubi
412 1293 592 1380 prosodiae
615 1290 760 1377 signifer
782 1315 822 1357 ac
852 1291 1018 1376 magister
1041 1291 1282 1360 celeberrimus
1307 1294 1393 1360 Cha·

330 1409 438 1466 retem
461 1401 606 1468 fortasse
630 1401 892 1485 grammaticum
914 1399 952 1464 in
974 1406 1089 1466 mente
1105 1400 1264 1467 habuisse
1279 1423 1392 1485 neme,

330 1512 459 1597 opinor,
480 1533 619 1597 prorsus
643 1511 802 1593 renuerit,
825 1531 899 1574 cum
924 1508 1018 1575 dicat
1026 1509 1077 1594 :42)
1113 1509 1225 1598 Δάρης
1253 1508 1298 1590 ὡς
1321 1511 1393 1577 Χά-

289 1633 293 1640 ’
329 1641 398 1706 ρης·
429 1607 586 1706 ’ὁμολογεῖ
620 1618 677 1685 καὶ
711 1615 731 1707 ἡ
764 1617 887 1708 ysaensi·
929 1617 1080 1705 Δάρητος
1112 1615 1172 1708 γάρ
1204 1616 1249 1698 ὡς
1279 1618 1392 1710 Χάρη·

329 1753 385 1806 τος
407 1725 472 1794 aui.

436 1837 504 1904 Sed
526 1837 611 1903 haec
640 1837 677 1902 in
705 1844 899 1904 transcurso
929 1835 1089 1902 diximus,
1140 1837 1213 1902 Iam
1235 1859 1323 1920 vera,
1350 1845 1390 1904 ut

330 1969 498 2013 summam
522 1927 766 2034 disputationis
785 1945 965 2035 permultis
984 1945 1188 2030 ambagibus
1204 1946 1301 2032 quasi
1315 1947 1391 2013 cali-

330 2057 411 2140 gine
434 2055 620 2123 obductam
636 2057 788 2122 breviter
804 2055 1080 2143 complectamur,
1093 2053 1233 2120 Chareti
1255 2063 1392 2144 praeter

210 2191 212 2194 ·
330 2161 560 2229 definitionem
596 2165 679 2230 artis
712 2165 954 2249 grammaticae
985 2162 1185 2228 testimonia
1216 2165 1392 2250 Apollonii

328 2270 533 2337 scholiastae
551 2273 744 2356 tribuimus²
762 2273 924 2339 Chaeridi
940 2272 1199 2338 observationes
1214 2272 1251 2338 in
1266 2274 1389 2340 Home·

329 2402 413 2464 rum,
451 2381 647 2464 Pindarum,
690 2381 954 2471 Aristophanem
992 2387 1096 2466 atque
1141 2381 1264 2463 omnia,
1304 2404 1387 2467 quae

328 2495 470 2573 restant,
508 2491 569 2556 ubi
592 2491 705 2582 Χάρης
734 2491 792 2557 vel
817 2491 922 2577 Χάρις
956 2491 1013 2556 vel
1046 2496 1169 2578 Χαῖρις
1195 2491 1387 2556 traduntur.

328 2599 381 2665 De
404 2621 444 2664 ea
467 2622 503 2664 re
527 2601 610 2666 satis
634 2601 759 2666 dixisse
783 2600 905 2666 habeo.

434 2707 519 2773 Inde
543 2711 586 2775 ab
609 2710 674 2777 hoc
697 2711 782 2793 loce,
817 2715 857 2774 ut
879 2716 987 2797 patet,
1012 2691 1206 2775 dissertatio
1240 2707 1277 2772 in
1303 2706 1390 2772 duas

330 2815 437 2881 distat
455 2816 602 2902 semitas,
627 2819 783 2884 Charetis
807 2818 940 2884 scilicet
955 2816 1199 2902 Chaeridisque
1213 2814 1388 2882 doctrinae

330 2925 591 3009 enarrationem,
628 2949 768 3012 quarum
803 2927 899 2992 illam
932 2926 1016 2992 mihi
1050 2927 1154 2992 liceat
1187 2925 1391 3014 perlustrare

328 3054 489 3120 prrcrem.

678 3275 680 3282 .
782 3215 939 3316 uun.

422 3371 1292 3475 Memmefflmmmommmmmds

437 3512 578 3579 Chareti
600 3513 718 3599 igitur,
743 3521 901 3602 utsupra
926 3515 1150 3600 exposuimus,
1175 3512 1391 3580 vindicamus

330 3627 492 3706 quattuor
514 3620 719 3709 fragmenta,
746 3623 789 3688 ad
813 3645 983 3689 summum
1006 3623 1174 3708 quinque:

847 3815 866 3877 1

433 3935 544 4003 Schol.
580 3935 736 4022 Apellen.
761 3881 885 4003 ¹Rhod.
918 3937 961 4020 ΙΙ,
1005 3936 1088 4002 1052
1128 3931 1390 4018 (Merkel·Keil.

328 4066 359 4130 p.
383 4043 524 4129 441,4);

435 4255 479 4325 42)
500 4255 532 4310 n.
551 4254 591 4322 11,
610 4273 637 4326 p.
656 4257 700 4322 47,
712 4257 737 4311 e.
