3156 4966
636 487 814 545 ...21-

196 658 253 724 καὶ
278 661 344 724 τῶν
369 656 496 738 τούτοις
512 657 760 747 παραπλησίων
782 655 952 748 εἶδὴμονα·
978 659 1055 746 παρ’
1074 653 1092 726 ‘d
1114 659 1170 726 καὶ
1195 657 1263 726 ἔοι*

194 766 287 834 κέναι
330 767 453 834 ἐκεῖνον
494 768 553 852 μὲν
595 765 810 854 ἀρχιτέκτονι,
848 765 908 835 τὸν
952 767 987 835 δὲ
1029 765 1261 855 γραμματικὸν

195 869 348 964 ὑπηρέτῃ.

303 986 356 1050 De
395 985 577 1052 vobabulis
618 986 804 1075 φιλόλογος,
840 985 1075 1074 γραμματικός,
1111 986 1261 1078 κριτικός

195 1095 325 1160 nemini
347 1095 469 1180 ignota
491 1102 544 1161 est
567 1095 787 1161 celeberrima
810 1097 941 1162 Lohrsii
956 1097 1200 1163 commentatio
1222 1098 1260 1163 in

81 1297 82 1300 Ἴ
197 1205 321 1270 Herod.
346 1204 479 1291 scriptt.
502 1205 570 1269 tria
590 1205 775 1273 emendatt.
799 1229 833 1293 p.
858 1205 923 1271 379
947 1199 1005 1290 sq.
1043 1206 1159 1271 Etiam
1184 1227 1260 1270 can-

197 1313 305 1378 tilena
329 1320 382 1379 est
406 1314 449 1378 ab
484 1314 642 1379 omnibus
665 1314 850 1380 decantata
884 1313 926 1401 de
960 1316 1019 1380 via
1053 1337 1093 1379 ac
1125 1315 1259 1380 ratione

195 1425 440 1507 grammaticae
462 1446 624 1510 magnam
648 1417 895 1490 dissensionem
924 1423 1122 1490 efferbuisse
1146 1423 1259 1488 Orate·

194 1539 265 1597 tem
298 1533 389 1597 inter
422 1543 458 1598 et
478 1534 726 1600 Aristarchum.
774 1532 922 1600 Cratetis
958 1533 1120 1599 Mallotae
1144 1533 1256 1620 ipsius

195 1643 323 1707 mentio
351 1641 392 1706 fit
421 1663 524 1729 supra
556 1641 648 1729 apud
676 1641 770 1710 Sext.
800 1643 933 1729 Empir.
952 1640 1029 1709 adv.
1054 1642 1216 1708 mathem.
1243 1644 1258 1706 Ι
1338 1658 1340 1663 ·

195 1754 212 1835 §
237 1752 294 1829 44;
320 1773 381 1816 our
403 1747 552 1834 κριτικός
575 1750 692 1816 audire
715 1750 885 1832 maluerit,
907 1773 952 1815 ne
973 1751 1111 1836 longius
1128 1753 1260 1835 abeam,

194 1861 237 1926 cf.
258 1863 295 1925 B.
319 1857 557 1939 Waohsmuth‚
580 1858 622 1923 de
646 1861 782 1924 Oratete
806 1858 933 1924 Malota
956 1881 990 1946 p.
1009 1858 1029 1922 9
1045 1881 1094 1944 sq.
1140 1862 1187 1926 Ut
1202 1861 1259 1926 hic

195 1969 365 2051 criticum,
390 1967 438 2032 sio
455 1967 588 2033 Seneca
611 1971 709 2056 epist.
734 1971 795 2035 108
819 1968 1035 2056 philologum
1057 1991 1078 2034 a
1093 1989 1264 2053 gramma·⁴

178 2080 266 2143 tice
307 2079 446 2165 τεχνικῷ
481 2076 676 2163 distinguit.
734 2079 881 2144 Maxime
924 2099 1005 2143 vero
1041 2077 1259 2162 grammatici

193 2210 321 2254 nomen
343 2193 416 2252 tam
438 2186 508 2251 late
531 2192 638 2273 patet,
662 2194 702 2252 ut
723 2185 840 2276 partes
863 2206 980 2253 omnes
1004 2191 1075 2251 tres
1099 2185 1256 2276 τεχνικήν,

195 2295 380 2388 ἒξεγητικὴν
410 2302 512 2380 atque
545 2295 703 2362 criticum
733 2304 769 2362 et
791 2296 1007 2384 philologum
1039 2294 1172 2361 ambitu
1196 2318 1257 2361 suo
1361 2287 1367 2298 ’

196 2408 456 2494 complectatur,
495 2414 534 2471 ut
568 2408 659 2493 apud
683 2406 827 2485 Quintil.
862 2406 971 2472 instit.
1007 2411 1092 2472 orat.
1115 2405 1160 2486 II,
1187 2408 1256 2488 1,4.

194 2516 372 2581 Interdum
395 2515 622 2599 grammatice
644 2516 707 2580 sub
742 2515 862 2580 critica
886 2513 1196 2601 comprehenditur,
1218 2523 1258 2579 ut

115 2614 118 2619 ’
195 2646 238 2688 ex
260 2623 423 2704 Taurisci,
449 2622 598 2686 Cratetis
621 2623 729 2709 ipsius
745 2624 903 2690 satellitis
918 2623 974 2708 (de
993 2645 1059 2709 quo
1075 2623 1257 2690 vid.·-Grao·

194 2729 323 2796 fenhan
349 2730 372 2795 l.
401 2753 429 2795 o.
457 2733 474 2794 I
503 2753 538 2818 p.
568 2730 633 2796 334
667 2731 744 2798 adn.
773 2734 816 2797 34
850 2738 885 2796 et
913 2756 947 2820 p.
967 2733 1051 2816 ¹419)
1085 2732 1257 2798 sententia

194 2841 297 2928 apud.
332 2837 426 2906 Sext.
464 2839 592 2927 Empir.
630 2840 652 2908 l.
683 2864 711 2906 c.
739 2841 757 2906 I
791 2842 898 2930 §248
934 2841 1155 2935 manifestum
1184 2849 1256 2908 est:

198 2947 378 3034 Ταυρίσκος
412 2950 486 3034 γοῦν
521 2944 538 3014 ὁ
573 2947 742 3039 Κράτητος
775 2947 943 3042 ἂκοοστής,
972 2947 1084 3037 ὥσπερ
1109 2949 1140 3018 οὶ
1165 2945 1258 3018 ἄλλοι

194 3055 339 3142 κριτικαί
370 3054 570 3124 &nordevol
601 3065 641 3150 τῇ
663 3065 793 3150 κριτικῇ
822 3059 880 3149 τὴν
908 3058 1146 3151 γραμματικήν,
1176 3061 1259 3149 φησὶ
1346 3071 1359 3099 ”

195 3163 260 3232 mi.
307 3165 377 3231 Sed
397 3166 536 3255 propn'e
559 3167 589 3232 si
603 3169 763 3255 loquaris,
785 3191 848 3235 nec
875 3169 993 3234 critice
1022 3170 1258 3255 grammatices

138 3293 142 3302 ’
193 3297 257 3340 neo
282 3277 506 3360 grammatice
530 3278 665 3344 critices
688 3301 768 3367 pars
793 3284 854 3360 est,
878 3285 918 3343 ut
932 3281 1108 3366 praeclare
1123 3278 1258 3344 demon·

193 3385 318 3450 stravit
341 3387 499 3451 Lohrsius
522 3385 544 3451 l.
569 3410 599 3455 c.

691 3668 761 3752 5.*)

299 3794 415 3879 Etym.
440 3796 484 3859 Μ.
513 3818 546 3880 p.
574 3796 713 3877 416‚31:
745 3787 766 3886 ἦ
794 3791 876 3875 δ’ὅς·
905 3795 937 3862 oi
965 3795 1025 3879 μὲν
1052 3795 1130 3884 περὶ
1164 3791 1257 3883 Ἐρα-

299 3995 386 4064 *)De
406 3997 462 4052 hoc
484 3996 653 4069 fragmento
682 3997 804 4069 eiusque
831 4003 953 4054 auctore
980 3996 1068 4053 dubio
1096 4015 1123 4058 v.
1152 4004 1257 4070 postea

193 4105 222 4159 p.
241 4089 275 4143 29
294 4105 337 4159 sq.
374 4089 466 4143 Porro
487 4087 518 4142 in
536 4087 593 4143 hoc
611 4088 737 4145 articulo
756 4090 843 4161 plura
862 4105 899 4144 ex
918 4087 1018 4143 Photii
1035 4089 1130 4144 lexico
1149 4089 1209 4158 (hic
1227 4097 1257 4144 et

193 4180 257 4250 ipse
276 4179 389 4236 Chares
418 4178 567 4250 apellatur
595 4198 623 4252 p.
646 4181 745 4247 6210)
773 4190 804 4235 et
827 4179 919 4236 Suida
936 4179 960 4246 Ι,
980 4181 1036 4250 2p.
1057 4182 1144 4245 8ἳο,6
1171 4181 1257 4236 resti-

193 4270 304 4326 tuenda
324 4278 408 4342 sunt,
438 4271 502 4326 coh.
525 4271 550 4324 V
569 4271 650 4342 (olim
669 4271 766 4326 Isaaoi
785 4272 892 4338 Vossii,
920 4289 999 4327 nunc
1017 4271 1153 4327 biblioth.
1174 4271 1256 4326 acad.
