3156 4966
266 656 518 720 commentariis
542 655 719 737 collocata,
754 662 826 720 tam
855 656 965 738 exilia,
986 664 1039 720 ut
1073 655 1331 743 supradictum

267 772 327 847 est,
362 766 405 830 ad
441 772 592 830 nostram
621 764 820 832 memoriam
853 765 1082 852 pervenerint,
1117 773 1157 830 ut
1190 765 1331 831 vixdum

266 874 376 962 possit
399 897 440 940 ex
464 875 615 940 disiectis
638 874 714 940 istis
738 873 900 962 membris
924 873 1107 960 quicquam
1131 875 1332 940 continuum

267 1007 306 1048 ac
330 984 521 1071 perfectum
537 983 780 1068 conglutinari.
827 984 921 1062 Quae
945 1007 1022 1049 cum
1045 984 1095 1048 ita
1115 983 1194 1060 sint,
1217 985 1332 1048 multis

266 1093 419 1179 profecto
431 1094 627 1160 nominibus
640 1093 879 1178 gratulandum
896 1100 948 1159 est
958 1094 1092 1175 litteris,
1111 1092 1202 1178 quod
1216 1099 1333 1158 nostra

215 1267 217 1272 ,
267 1210 380 1267 aetate
404 1204 517 1268 omnia
539 1203 611 1268 fere
628 1202 795 1290 ampliora
811 1201 1112 1287 grammaticorum
1128 1193 1334 1288 fragmenta,

268 1311 392 1395 quibus
415 1318 603 1399 temporum
627 1312 757 1377 invidia
777 1314 943 1399 pepercit,
968 1313 1036 1399 alia
1060 1311 1104 1376 ab
1128 1311 1204 1375 aliis
1219 1311 1333 1396 singu·

267 1420 330 1484 lari
369 1421 556 1508 scriptione
594 1421 739 1486 collecta
781 1428 816 1486 et
854 1420 1020 1507 disposita
1058 1426 1161 1505 atque
1201 1443 1333 1485 summa

268 1529 448 1614 diligentia
465 1531 646 1618 explicata,
672 1553 714 1595 ex
737 1529 879 1595 latebris
904 1530 1116 1610 scholiorum,
1140 1530 1332 1615 glossarum

268 1641 461 1705 anecdoton
483 1641 520 1702 in
535 1639 645 1704 lucem
661 1646 837 1727 protracta
852 1648 933 1704 sunt
956 1662 996 1704 ac
1020 1639 1144 1704 litteris
1159 1638 1333 1706 mandata.

269 1748 513 1814 Verumtamen
535 1749 635 1814 multi
657 1749 858 1837 discipliuae
882 1749 1128 1835 grammaticae
1151 1749 1334 1836 scriptores

268 1864 409 1939 restant,
435 1857 476 1923 de
500 1859 624 1943 quibus
649 1859 819 1947 copiosius
842 1860 1019 1943 hucusque
1041 1881 1111 1924 non
1134 1867 1250 1924 actum
1273 1865 1333 1940 est,

269 1989 475 2054 quamquam
498 1967 623 2035 humili
644 1968 722 2041 loco
735 1991 805 2034 non
820 1975 900 2034 sunt
915 1968 1066 2034 habendi
1089 1991 1131 2032 ex
1152 1989 1335 2051 corumque

268 2075 541 2163 fragmentorum
589 2077 861 2163 perscrutatione
901 2077 961 2141 lux
996 2077 1085 2143 haud
1128 2076 1254 2160 exigua
1291 2075 1334 2140 ad

269 2187 449 2252 nonnullas
495 2186 738 2269 grammaticae
784 2186 933 2251 rationes
975 2184 1166 2250 redundare
1206 2193 1334 2272 potest.

270 2295 392 2380 Itaque
415 2295 444 2360 si
461 2295 616 2360 uberiore
640 2316 742 2379 quam
755 2317 842 2380 quae
863 2294 1050 2359 virtutibus
1059 2293 1180 2359 talium
1194 2294 1334 2382 scripto·

268 2425 344 2468 rum
370 2405 514 2468 sortasse
540 2403 695 2480 debetur,
729 2403 970 2469 dissertatione
991 2402 1148 2487 equidem
1169 2424 1334 2487 gramma·

271 2512 415 2577 ticorum
432 2511 644 2598 quorundam
659 2512 831 2597 reliquias,
854 2535 942 2597 quae
962 2512 1006 2577 ad
1022 2512 1164 2592 Homeri
1180 2513 1336 2578 aliorum·

270 2643 335 2706 que
358 2631 536 2709 poetarum
570 2621 893 2709 interpretationem
924 2627 1120 2709 spectantes
1154 2621 1265 2686 adhuc
1300 2625 1336 2686 in

271 2730 477 2795 scholiorum
492 2732 644 2796 tenebris
659 2731 784 2813 iacent,
809 2731 1017 2815 conquirere,
1040 2752 1216 2796 recensere
1233 2752 1336 2816 quau-

270 2839 447 2924 tulumque
470 2849 590 2927 potero
613 2841 695 2907 novi
711 2842 845 2906 adicere
861 2840 1018 2921 conabor,
1042 2861 1142 2927 spero
1165 2839 1337 2904 neminem

270 2947 354 3028 fore,
376 2952 431 3013 cui
455 2955 582 3014 temere
606 2950 718 3034 egisse
741 2949 868 3032 videar,
903 2949 1105 3036 praesertim
1128 2970 1207 3013 cum
1228 2970 1336 3033 usque

272 3057 315 3122 ad
348 3058 439 3123 hunc
474 3057 564 3122 diem
591 3081 701 3138 name,
735 3065 898 3144 quantum
931 3059 1011 3141 scio,
1045 3058 1184 3144 proprio
1219 3057 1336 3122 libello

270 3166 404 3232 illorum
429 3166 582 3252 effigiem
605 3168 703 3252 quasi
717 3168 858 3254 pulvere
881 3167 1067 3234 obductam
1083 3189 1101 3233 e
1117 3167 1186 3232 situ
1208 3167 1245 3232 in
1260 3167 1335 3232 luce

271 3275 491 3341 collocaverit
525 3277 677 3344 clariore.
723 3279 839 3344 Primo
876 3277 983 3363 igitur
1016 3282 1165 3342 tractare
1199 3276 1336 3340 institui

272 3384 415 3451 ducrum
447 3385 751 3471 grammaticorum
783 3387 987 3474 fragmenta,
1020 3407 1163 3472 quorum
1196 3383 1337 3449 nomina

273 3494 386 3583 Χάρης
409 3500 444 3560 et
456 3499 578 3579 Χαῖρις
593 3495 685 3560 haud
707 3518 782 3561 raro
806 3497 843 3561 in
864 3497 962 3562 libris
977 3518 1056 3561 mss.
1073 3495 1337 3560 commiscentur

272 3606 318 3685 (v.
340 3603 428 3668 infra
456 3626 531 3691 cap.
554 3605 593 3687 I),
628 3605 750 3672 deinde
784 3606 945 3692 reliquias
978 3603 1155 3671 Alexionis
1186 3601 1337 3667 technici

273 3733 457 3797 congerere
479 3719 583 3798 atque
598 3714 800 3781 adumbrare
815 3717 936 3800 enitar,
957 3714 1047 3800 quod
1070 3711 1231 3798 quoniam
1253 3711 1337 3776 Bae·

274 3821 351 3906 gius
384 3822 421 3886 in
454 3821 695 3888 dissertatione
718 3825 863 3890 Haleusi
895 3847 925 3892 a.
957 3825 1041 3889 1882
1076 3823 1118 3888 de
1139 3821 1336 3886 Ptolemaeo

273 3930 482 4015 Ascalonita,
506 3953 653 4016 quocum
668 3934 834 3999 Alexione
857 3955 958 3999 nemo
982 3932 1117 4019 saepius
1140 3931 1175 3994 iu
1198 3927 1337 3994 scholiis

273 4041 464 4108 Homericis
488 4042 696 4109 coniunctim
718 4050 868 4124 vocatur,
891 4041 1000 4108 fusius
1015 4039 1248 4106 disserendum
1264 4057 1337 4102 esse

274 4149 514 4232 arbitrabatur,
544 4173 583 4216 eo
607 4152 717 4237 magis
741 4152 805 4217 hoc
828 4151 1004 4218 videbitur
1026 4171 1099 4215 esse
1122 4169 1192 4213 non
1213 4145 1337 4212 inutile

273 4279 337 4324 nec
359 4261 578 4348 superfluum.
