3156 4966
681 473 863 530 ...27-

239 647 306 711 τῶν
329 646 449 732 φωνιόν
471 642 652 728 μεταβολαί
676 643 732 712 κοί
757 641 823 729 πρὸ
849 647 905 711 τοῦ
918 641 1070 731 γεγόνασι
1087 645 1143 712 καί
1161 643 1307 726 είςοιῦθις

239 752 440 844 γενήσονται.
471 753 732 842 φιλομετάβοίον
747 750 807 839 γάρ
824 750 858 819 τί
872 751 963 820 ἐστιν
982 749 999 821 ὁ
1025 752 1117 832 αἰών,
1142 752 1198 822 οὐκ
1212 754 1306 844 Ιηνυτὰ

238 863 345 947 μόνον
368 861 425 930 καί
449 864 518 946 ζιία
543 857 625 929 άλίά
655 861 712 928 καί
735 859 783 941 είς
805 860 945 951 ῥήματα.
988 863 1065 950 περί
1089 862 1236 932 ἑστῶσαν
1271 867 1306 932 δὲ

239 967 407 1058 ἀπειρίαν,
438 964 477 1040 eii
507 970 560 1038 τοί
589 995 624 1058 γε
653 969 711 1037 καί
732 968 1000 1054 μεταβάλλουσαν
1034 971 1201 1065 ἀμήχανόν
1233 973 1306 1042 ἐστι

239 1084 359 1168 γνῶσιν
382 1077 599 1170 ἀνθρωπίνην
621 1076 733 1166 εὑρεῖν.
761 1077 836 1148 oio&
851 1079 950 1170 ταίτη
973 1076 1037 1166 άρα
1060 1079 1303 1171 ἡγραμματικὴ

237 1190 435 1284 συστήσεται
455 1184 561 1268 ἄλλως
584 1213 619 1255 τε
641 1181 731 1278 ἤτοι
755 1189 902 1279 τεχνικὴν
926 1187 1032 1258 σ’ίεται
1056 1185 1142 1259 εἶναι
1165 1190 1224 1281 τὴν
1238 1189 1306 1274 ἕξιν

238 1296 257 1386 ἢ
275 1297 416 1384 ἄτεχνον.
440 1300 499 1368 καί
522 1297 552 1366 εί
567 1299 627 1383 μὲν
642 1297 799 1387 τεχνικήν,
824 1302 897 1379 πῶς
913 1293 970 1367 οὖκ
987 1298 1085 1393 αίτην
1103 1295 1179 1368 εἶπε
1194 1299 1306 1388 τέχνην

237 1409 319 1478 ἀλλὰ
343 1410 382 1478 τὸ
408 1408 467 1498 ἀφ’
492 1399 529 1476 οὗ
551 1408 659 1490 ἔστιν,·
691 1406 721 1475 ἐι
760 1407 796 1475 δὲ
819 1401 961 1492 ἄτεχνον,
985 1409 1060 1478 ἐπεί
1096 1409 1132 1478 οὗ
1166 1407 1305 1476 δυνατόν

237 1521 295 1587 διὰ
318 1525 376 1589 τοῦ
400 1515 533 1602 άτέχνου
567 1516 605 1585 τό
638 1514 787 1600 τεχνικόν
812 1507 967 1603 ὁρᾶσθαι,
1001 1514 1073 1585 οὐδὲ
1108 1517 1306 1608 συστήσεταί

237 1656 288 1708 τις
312 1627 520 1720 γραμματικὴ
562 1626 628 1707 ἕξις
662 1629 815 1711 τεχνικῶς
850 1623 1111 1712 διαγινώσκουσιν
1150 1626 1192 1695 τά
1226 1628 1303 1712 παρ’

230 1733 370 1827 Ἕλλησι
394 1736 595 1825 σημαίνοντα
630 1735 744 1802 τεκαὶ
768 1733 994 1822 σημαινόμενα
1029 1737 1121 1823 (adv.
1157 1737 1305 1806 maim

237 1851 276 1932 ἐξ
314 1848 467 1932 80-83).
520 1845 588 1911 Sed
612 1844 765 1935 ‘longius
806 1867 907 1930 quam
944 1847 1066 1912 Sextus
1103 1869 1304 1934 progressus

237 1963 292 2022 est
323 1956 484 2042 Dionysii
517 1955 660 2022 Thracis
693 1955 873 2042 interpres,
907 1955 966 2039 qui
1000 1955 1155 2021 Ohoretis
1189 1954 1304 2020 defini-

236 2068 366 2132 tionem
406 2085 544 2152 prorsus
583 2061 792 2128 reioiendem
833 2086 907 2129 esse
952 2069 1068 2151 putet,
1112 2065 1192 2149 quia
1229 2086 1304 2152 pro·

236 2176 328 2242 ximo
366 2181 483 2240 eareat
516 2194 657 2258 gener03
697 2171 750 2238 his
788 2173 904 2239 verbis
942 2195 1020 2238 eum
1057 2174 1223 2259 castigat:
1273 2169 1304 2239 ό-

236 2284 391 2372 φείλομεν
424 2282 497 2371 γε’νη
529 2281 563 2348 ἐν
586 2285 634 2370 τῷ
670 2276 737 2368 ὅρῳ
770 2281 904 2350 τιθέναι
938 2279 980 2350 τά
1003 2279 1167 2368 ἐγγυτάτω
1201 2277 1238 2347 οὐ
1262 2277 1304 2346 τὰ

236 2390 451 2478 πορρωτάται.
484 2388 521 2460 οὐ
538 2391 632 2457 θέλει
648 2388 707 2476 γάρ
724 2389 741 2459 ό
760 2388 821 2459 τόν
836 2383 1018 2478 άνθρωπον
1031 2389 1152 2476 ὁρίζων
1162 2388 1304 2476 λάχανά)

240 2496 295 2567 ὅτι
320 2496 504 2585 ἅνθρωπός
537 2499 628 2568 ἐστιν
655 2495 751 2567 σίοία
782 2500 896 2591 λογικὴ
928 2501 1036 2592 θνητὴ
1068 2500 1125 2568 καὶ
1157 2500 1199 2566 τὰ
1221 2496 1302 2588 ἑξῆς,

236 2606 354 2698 ἐπειδὴ
378 2608 418 2675 τὸ
444 2606 538 2675 οὐσία
563 2605 689 2692 ἀπέχει,
723 2606 784 2676 κάν
817 2611 906 2697 γένος
929 2615 985 2678 τοῦ
1008 2606 1189 2696 άνθριόποο
1211 2605 1301 2674 ἐστί·

237 2714 294 2784 διὰ
317 2715 417 2800 μέσον
440 2717 527 2805 <γὰρ>
563 2719 620 2784 τοῦ
657 2714 740 2798 ζιόου
772 2718 1005 2807 ἕστὶίτὸίγένος
1033 2724 1090 2788 τοῦ
1122 2714 1303 2803 άνθριόπου

238 2824 385 2918 ἡούσία,
420 2827 494 2894 δέον
516 2825 573 2894 τὸν
596 2823 784 2913 ὁριζόμενον
812 2833 859 2915 τρὶ
882 2827 1045 2918 ἐγγυτάτω
1080 2828 1162 2916 γένει
1194 2827 1304 2916 κεχρῆ·

236 2945 331 3015 σθαι,
354 2936 436 3023 λέγω
461 2935 499 3024 δὴ
526 2938 574 3024 τῷ
593 2933 668 3023 ζόην
692 2938 741 3026 (p.
763 2938 987 3027 118‚5H11g.)
1031 2943 1152 3024 Itaque
1175 2935 1303 3002 Chares

236 3069 306 3113 non
328 3052 422 3112 reete
445 3045 604 3112 definivit
638 3046 916 3132 grammaticam:
960 3049 1028 3117 ‘nai
1059 3045 1120 3136 γάρ
1142 3043 1302 3129 άπέχοντι

235 3156 318 3242 γένει
341 3152 516 3244 ἐχρήσατο·
551 3154 608 3222 διὰ
641 3155 742 3238 μέσον
772 3155 833 3243 γάρ
856 3160 914 3245 τῆς
937 3157 1047 3248 τέχνης
1070 3156 1160 3226 ἐστίν
1193 3152 1303 3245 Ιίγὲίξις

234 3268 292 3354 τῇς
314 3269 541 3351 γραμματικῆς
575 3264 672 3351 γένος,
695 3269 752 3358 τῆς
779 3264 921 3353 μὲνγὰρ
954 3270 1181 3357 γραμματικῆς
1215 3262 1303 3351 γένος

234 3373 325 3441 ε’στίν
347 3369 365 3462 ἡ
387 3371 533 3441 καθόλου
548 3374 652 3463 τέχνη,
676 3378 733 3464 τῆς
757 3374 793 3442 δὲ
815 3371 960 3463 τὲχνηςὴ
977 3374 1051 3458 ἕξις,
1076 3371 1119 3455 ὡς
1135 3377 1229 3464 δηλοῖ
1244 3374 1301 3440 καὶ

236 3479 253 3549 ὁ
279 3481 394 3575 Ζήνων
415 3481 525 3568 λέγων,
559 3483 652 3574 τέχνη
686 3483 776 3552 ἐστίν
798 3482 864 3562 ἕξις
887 3481 1117 3576 ὁδοποιητικὴ,
1153 3482 1301 3550 τουτέστι

235 3592 278 3658 δι’
303 3587 383 3658 ὁδοῦ
416 3590 473 3658 καί
507 3591 658 3674 μεθόδου
692 3590 837 3660 ποιοῦσά
872 3592 925 3661 σι’.
971 3599 1021 3681 (p.
1048 3592 1300 3679 118‚1‘2Hi1g.)

233 3700 339 3767 Hisce
376 3699 492 3766 verbis
520 3701 723 3768 scholiastae
753 3699 841 3767 nihil
873 3702 996 3784 hebe0,
1035 3703 1126 3788 quod
1160 3703 1299 3785 addem3

233 3833 381 3896 namque
404 3831 476 3875 rem
499 3832 564 3878 sou
587 3810 789 3896 ieiigerunt.
827 3811 956 3877 Verum
980 3811 1111 3897 aliquot
1134 3833 1300 3898 gramma·

233 3920 388 3986 tioorum'
402 3920 539 3986 illorum
560 3942 599 3986 ao
619 3921 849 4008 posseriorum
870 3926 1062 4008 temporum
1083 3921 1300 3988 definieiones

338 4174 365 4241 9)
384 4173 433 4228 Sio
451 4172 545 4244 Hilg.;
565 4173 661 4246 όφέιλει
679 4173 732 4245 γὰρ
751 4172 765 4228 ό
783 4174 832 4229 τὸν
858 4173 1013 4244 ἄνθρωπον
1030 4173 1124 4245 ὁρίζων
1145 4172 1201 4246 [μὴ]
1217 4175 1301 4245 λέγειν

233 4263 323 4320 Bekk.
342 4265 452 4320 Aneed.
473 4263 522 4320 Gr.
541 4284 568 4338 p.
581 4271 669 4332 6635.
