3156 4966
687 531 863 589 ..59-

243 703 358 768 studia
366 703 550 769 Homerica
560 710 733 792 spectasse
741 702 1121 791 probabiliterconieoit
1134 702 1309 789 Blauiusffi)

242 853 263 861 -
303 812 460 898 equidem
484 812 675 879 addiderim
697 815 740 880 od
766 813 882 877 omnia
898 811 1075 878 Chaeridis
1090 811 1310 878 miscellanea

244 923 363 988 critica
390 945 501 1008 neque
537 923 693 1008 negarim
721 921 773 986 La
795 920 1012 1008 Rochium²⁶)
1051 925 1142 986 recte
1176 941 1309 1008 compa-

242 1053 336 1098 rasse
370 1031 514 1114 libellos‚
551 1053 635 1116 quos
666 1036 839 1097 nostrates
873 1038 1001 1096 vocant
1032 1029 1216 1095 ‘Kritische
1248 1031 1309 1095 Be-

242 1141 458 1227 merkungen
482 1163 525 1205 zu
547 1140 686 1230 Homer'
710 1140 784 1206 sive
812 1139 989 1224 ‘Beitrttge
1023 1161 1084 1203 zur
1105 1137 1226 1203 Kritilr
1249 1138 1309 1204 des

244 1252 396 1316 Homer’.
442 1249 515 1314 Nec
539 1249 680 1314 minoris
703 1231 869 1315 momenti
892 1254 946 1313 est
968 1248 1072 1313 schol.
1096 1275 1117 1312 α
1141 1249 1193 1329 58,
1221 1249 1310 1332 quod

248 1359 450 1425 Chaeridem
486 1357 647 1443 loquendi
686 1355 940 1423 consuetudinis
980 1355 1184 1422 Homericae
1227 1359 1310 1424 satis

245 1468 395 1555 peritum
419 1468 673 1551 Homerumque
697 1491 739 1534 ex
761 1469 911 1533 Homero
927 1466 1003 1553 ipso
1022 1465 1310 1552 interpretantem

245 1582 422 1643 monstrat.
466 1577 640 1642 Audivisti
656 1600 733 1642 eum
755 1601 788 1664 p.
804 1577 845 1642 37
864 1597 912 1661 sq.
927 1578 979 1660 (fr.
993 1575 1027 1658 8)
1038 1574 1158 1639 ¹uerba
1182 1573 1307 1659 ἱέμενος

246 1682 303 1748 καὶ
326 1681 453 1753 κάπνον
476 1683 744 1771 ἀποθρώσκοντα
767 1684 940 1751 subtiliter
962 1687 1309 1770 persequentem-Ne

246 1792 373 1857 multa:
404 1815 475 1859 non
505 1795 732 1862 dubitandum
756 1802 816 1876 est,
853 1794 936 1880 quin
958 1793 1050 1858 illius
1074 1794 1311 1859 commentarii

246 1901 347 1989 plura
371 1901 496 1968 acriter
519 1911 707 1990 arguteque
737 1905 892 1990 cogitata
915 1900 1160 1967 continuerint
1205 1902 1310 1966 Porro

248 2009 426 2076 Chaeridis
449 2011 642 2080 doctrinam
669 2016 809 2080 subesse
840 2013 877 2077 in
898 2007 1184 2098 interpretatione
1214 2007 1310 2072 vocis
1357 2090 1359 2094 ,

248 2120 454 2186 Homericae
477 2119 644 2207 ἐπιγουνίς
667 2123 782 2190 scholl.
807 2122 869 2190 Od.
882 2149 900 2206 ρ
912 2121 978 2186 225
993 2125 1029 2183 et
1041 2141 1062 2184 σ
1076 2119 1117 2181 74
1130 2115 1311 2202 sslauiustl)

248 2251 291 2293 ex
325 2229 429 2295 schol.
454 2235 548 2296 Aret.
583 2232 707 2318 phaeu.
744 2231 810 2296 254
844 2227 1056 2296 enucleavit:
1091 2224 1311 2316 Μήνόφαντος

247 2339 311 2425 <δὲ>
333 2336 526 2424 ἐπιγουνίδα
549 2338 608 2429 τήν
630 2340 753 2428 κνήμην
776 2333 887 2406 dacter
911 2338 968 2406 διὰ
992 2337 1030 2405 τὸ
1055 2330 1141 2402 εἶναι
1172 2334 1225 2402 ἐπ’
1254 2342 1310 2409 αδ·

249 2451 305 2516 τοῦ
329 2446 367 2514 τό
393 2445 479 2534 γόνυ.
505 2448 644 2514 δόναται
680 2440 735 2515 σόν
770 2446 840 2516 ἀπὸ
864 2446 979 2533 μέρους
1015 2440 1090 2513 όλον
1124 2443 1164 2510 τό
1199 2443 1311 2524 σκέλος

250 2552 443 2623 ἆκοόεσθαι.
468 2559 549 2643 παρ’
570 2554 700 2646 Ὁμήρῳ
725 2557 762 2624 δυ’
783 2556 952 2643 ἒπιγυυνὶς
974 2555 1012 2622 τὸ
1039 2548 1108 2621 dvo)
1132 2558 1190 2620 τοῦ
1213 2552 1311 2641 γόνα-
1358 2562 1359 2565 ’

250 2691 313 2748 τος,
337 2659 381 2744 ὡς
398 2660 627 2750 Ἀρίσταρχος·
651 2665 696 2745 ὡς
719 2666 755 2733 δὲ
777 2664 910 2754 Κράτης
934 2663 1080 2747 ἐπωμίς·
1105 2656 1149 2741 ὡς
1166 2663 1202 2728 δὲ
1220 2663 1311 2729 Χαῖ-

249 2801 300 2861 ρις
321 2774 432 2858 (codd.
450 2772 583 2861 Χάρης)
607 2770 626 2863 ή
651 2774 703 2862 ἐφ’
720 2770 798 2840 δίου
813 2773 967 2858 σώματος
989 2769 1155 2858 εὐσαρνία,
1176 2772 1311 2856 quibus·

249 2905 328 2949 oum
352 2906 477 2969 quaeso
500 2883 666 2949 conferas·
680 2882 785 2950 schol.
810 2882 872 2948 Od.
897 2910 914 2969 ρ
937 2884 1003 2949 225
1027 2935 1033 2948 .
1059 2935 1067 2950 .
1093 2935 1100 2950 .
1127 2931 1134 2946 .
1157 2880 1216 2946 ἐπὶ
1240 2907 1313 2968 γοο-

250 2989 325 3058 νίδα
349 2993 385 3060 δὲ
407 2995 491 3079 λέγει
515 2989 575 3084 τήν
597 2997 654 3060 τοῦ
677 2991 830 3076 στόματος
853 2990 987 3076 εὐεξίαν.
1021 2985 1092 3058 ἀπὸ
1117 2990 1177 3078 γὰρ
1199 2991 1314 3076 μόρους

251 3104 308 3167 τοῖν
331 3100 416 3168 κατὰ
440 3101 480 3168 τό
506 3102 583 3188 γόνυ
606 3102 764 3189 δέρματος
786 3101 822 3172 τί
849 3107 918 3169 πᾶν
952 3099 1118 3189 ἐσήμανεν,
1153 3123 1238 3186 quae
1272 3102 1315 3166 ad

252 3208 454 3275 Chaeridem
477 3211 587 3276 redire
611 3233 674 3298 per
697 3235 771 3278 sese
794 3211 1019 3298 intellegitur,
1055 3234 1133 3276 cum
1157 3236 1206 3287 ea,
1229 3233 1315 3296 quae

251 3324 413 3384 secuntur
435 3313 458 3408 ή
481 3319 519 3386 τδ
545 3314 696 3404 ὑπεράνω
721 3321 778 3386 τοῦ
800 3318 937 3405 γόνατος
956 3320 1147 3387 Aristarchi
1163 3342 1236 3386 esse
1258 3342 1315 3408 pa·

251 3433 338 3507 teat;
364 3427 452 3511 quod
475 3427 525 3494 ita
549 3452 623 3495 esse
647 3429 752 3494 etiam
784 3429 924 3516 planius
959 3429 1109 3495 efficitur
1142 3451 1184 3492 ex
1207 3426 1315 3492 altero

252 3535 356 3601 schol.
381 3536 565 3602 Homerico
588 3537 651 3603 Od.
675 3561 696 3602 σ
720 3540 763 3602 74
786 3538 990 3628 ἐπιγουνίδα]
1027 3537 1085 3605 τδν
1120 3536 1234 3604 ἐπάνω
1258 3540 1315 3602 τοῦ

253 3642 388 3729 γόνατος
411 3643 528 3712 τόπον.
553 3641 623 3712 ἀπὸ
661 3647 697 3712 δὲ
728 3647 842 3734 μέρους
876 3640 1038 3732 είίσαρκον.
1073 3649 1147 3725 πῶς
1181 3652 1240 3712 οὐκ
1277 3641 1316 3711 δν

253 3752 309 3818 καὶ
341 3753 384 3818 τὰ
418 3746 517 3835 lilla·
551 3755 619 3821 Ubi
654 3757 744 3840 quod
773 3749 929 3842 εόσαρκον
950 3756 1088 3842 legitur,
1111 3756 1194 3842 quin
1216 3757 1316 3822 Hom.

253 3859 439 3926 scholiasta
477 3887 519 3928 ex
555 3864 728 3930 Chaeridis
766 3865 1019 3932 commentariis
1058 3865 1210 3932 hauserit
1248 3865 1316 3928 iarn

253 3991 354 4035 nemo
378 3970 580 4038 addubitare
602 3979 727 4058 potest.

361 4140 407 4208 25)
425 4140 442 4192 l.
463 4157 486 4196 c.
506 4157 535 4209 p.
552 4146 595 4197 61.

361 4234 405 4295 26)
423 4229 479 4283 HT
497 4248 525 4300 p.
543 4235 577 4288 81
596 4249 639 4302 sq.

361 4321 405 4388 27)
424 4321 441 4376 l.
461 4339 485 4380 c,
504 4339 532 4392 p.
551 4323 593 4376 60.
