3156 4966
689 476 868 533 ..29-

244 645 297 711 vis
326 653 530 714 cunctanter
556 646 852 714 annumeraverim
883 646 1034 732 glossam
1057 641 1196 736 vocisr}
1227 650 1257 716 δ’
1275 645 1313 729 ὅς

245 755 337 842 apud
365 763 539 823 auctorem
571 757 684 839 Etym.
714 757 761 822 Μ.
784 780 820 844 p.
844 754 1028 840 416‚31,1⁵)
1068 757 1165 822 cuius
1199 759 1312 824 locum

245 866 348 951 paulo
371 871 544 932 mutatum
567 871 603 929 et
618 870 842 931 contractum¹
857 864 999 930 laudato
1022 865 1153 952 pariter
1166 867 1312 934 Charete

244 974 416 1040 redditum
436 977 532 1060 legas
555 975 709 1040 aPhotio
732 997 765 1061 p.
791 975 843 1055 62,
860 977 898 1039 10
921 980 957 1039 et
977 973 1015 1038 in
1028 973 1179 1041 Anecdd.
1203 976 1312 1042 Bach-

246 1083 363 1148 manni
385 1083 403 1148 I
422 1107 456 1171 p.
469 1085 545 1166 249,
557 1084 587 1150 8.
624 1083 692 1150 Sed
714 1081 900 1150 utfaoilius
924 1082 965 1149 de
978 1083 1125 1148 Charete
1147 1083 1313 1151 iudicium

245 1189 386 1273 feratur,
422 1199 625 1259 contextum
657 1191 853 1278 glossarum
883 1192 984 1259 valde
1018 1199 1218 1279 corruptum
1244 1200 1312 1259 tur-

246 1301 433 1387 batumque
458 1302 522 1368 sub
545 1323 615 1367 uno
639 1307 782 1391 aspectu
801 1322 982 1389 ponamus:

324 1429 412 1489 Phot.
430 1431 511 1500 pen,
525 1431 561 1486 10
579 1430 653 1485 Nab.
672 1431 801 1503 1p‚254:
962 1431 1060 1502 Etym.
1080 1429 1157 1499 M.p¹
1168 1427 1230 1486 416.
1240 1430 1287 1484 31:

245 1531 316 1629 ἧδ’
342 1532 393 1616 ὅςε
424 1533 497 1606 ἀντὶ
533 1543 590 1608 τοῦ
624 1540 687 1630 ἔφη
722 1541 758 1607 δὲ
781 1528 884 1617 οὗτος.
983 1530 1003 1624 ἧ
1038 1539 1067 1604 δ’
1103 1533 1154 1616 ὅςε
1189 1536 1222 1605 oi
1253 1539 1313 1622 μὲν

244 1647 301 1713 καὶ
334 1642 407 1714 ἀντὶ
439 1653 497 1716 τοῦ
531 1649 604 1739 ἔφη.
651 1647 806 1716 τάττεται
849 1648 885 1715 δὲ
939 1648 1017 1734 περὶ
1076 1645 1313 1735 ’Ἐρατοσθένην

245 1757 301 1822 καὶ
325 1755 384 1824 ἐπὶ
409 1752 529 1841 ἀνδρὸς
551 1757 608 1823 καὶ
636 1757 797 1842 γυναικός.
827 1756 885 1822 καὶ
939 1751 1013 1822 ἀντὶ
1038 1759 1094 1822 τοῦ
1117 1756 1180 1844 ἔφη
1204 1758 1240 1822 δὲ
1263 1747 1312 1823 οὗ·

245 1858 320 1930 ἀντὶ
342 1867 399 1932 τοῦ
421 1865 558 1952 ἔφασαν.
593 1866 651 1932 καὶ
676 1861 750 1932 ἀντὶ
779 1855 885 1932 coici
939 1863 1076 1943 τος·διό
1090 1865 1127 1931 δὲ
1137 1862 1312 1932 δασύνουσι

246 1971 331 2061 φίλε.
361 1977 459 2040 τοῦτο
482 1975 595 2063 Χάρης
628 1976 687 2058 μέν
710 1996 793 2064 φησι
827 1973 885 2041 καὶ
938 1972 997 2063 τὴν
1030 1973 1186 2063 ἐσχάτην·
1226 1973 1312 2040 ε’ντε-

246 2084 433 2168 Κριτόλαος
449 2082 611 2173 σημαίνει.
637 2082 885 2170 διελέγχεταιὸὲ
938 2076 1065 2161 τάχθαι
1099 2079 1159 2166 γάρ
1188 2073 1313 2169 άρθρον

247 2190 313 2261 ino
339 2191 513 2260 πλειόνων.
938 2185 976 2254 τὸ
1001 2181 1047 2267 ὅς.
1072 2182 1165 2279 καὶῆ
1189 2191 1225 2259 δὲ
1237 2188 1311 2259 ἀντὶ

289 2305 370 2368 Lex.
397 2303 526 2370 rhetor.
549 2303 688 2372 Baohm.
713 2300 840 2368 Anecd.
857 2301 883 2383 Ι,
938 2300 995 2364 τοῦ
1023 2297 1086 2385 ἔφη
1115 2298 1161 2366 δέ.
1188 2300 1245 2368 καὶ
1274 2293 1313 2388 ν’,ν

245 2436 279 2499 p.
293 2413 417 2496 249‚8:
448 2406 467 2503 ἦ
492 2415 521 2478 δ’
546 2408 596 2491 άςε
626 2411 689 2499 ἔφη
720 2413 755 2479 δὲ
783 2401 883 2489 οὗτος.
938 2409 968 2474 δ’
992 2406 1054 2494 ἐγώ
1078 2404 1153 2474 ἀντὶ
1177 2408 1259 2497 ἔφην
1275 2410 1312 2477 δὲ

247 2523 318 2611 ἔφη.
343 2523 480 2611 ἔφασαν.
509 2521 566 2588 καὶ
594 2521 653 2587 ἐπὶ
684 2517 804 2606 ἀνδρὸς
825 2519 883 2586 καὶ
937 2515 1009 2603 ἐγώ.
1033 2519 1115 2603 παρ’
1142 2509 1164 2583 ὃ
1186 2512 1312 2605 δὴἝρ-

247 2629 305 2696 ἐπὶ
329 2629 487 2716 γυναικός.
512 2620 651 2715 rioilo.
666 2632 761 2695 τοῦτο
771 2625 884 2716 Χάρης
937 2652 1072 2708 μιπττσς
1123 2622 1203 2693 κατ’
1231 2619 1312 2710 Ἀρί-

247 2739 306 2821 μέν
318 2761 401 2827 φησι
424 2738 481 2804 καὶ
495 2734 679 2822 Κριτόλαος
702 2733 883 2824 σημαίνειν.
939 2758 1078 2823 σταρχος
1091 2731 1166 2802 άντὶ
1177 2739 1235 2802 τοῦ
1248 2735 1312 2824 ἔφη

248 2849 446 2934 &relaxarat
472 2847 509 2914 δέ
530 2842 595 2913 ὑπὸ
621 2845 794 2914 πλειόνων.
938 2842 983 2910 δέ.
1008 2845 1054 2923 uic
1070 2845 1183 2933 Χάρης
1206 2845 1312 2912 δὲκαὶ

938 2952 1129 3039 Κριτόλαος
1152 2950 1227 3020 άντὶ
1254 2957 1311 3021 τοῦ

936 3061 1073 3148 ἔφασαν.
1099 3063 1156 3130 καὶ
1173 3059 1313 3130 durinci>

937 3164 963 3237 ui
1018 3170 1095 3260 φίλε
1141 3170 1313 3261 σημαίνειν

936 3279 1031 3369 φασί.
1056 3280 1259 3366 ὁιελέγχεται
1277 3281 1313 3348 δὲ

941 3387 1007 3457 ὑπὸ
1033 3391 1200 3458 πλειόνων
1222 3387 1289 3456 uti.

240 3555 242 3559 ’
354 3523 518 3589 Photiani
545 3522 648 3587 loxici
677 3522 827 3605 glossam
854 3522 957 3608 plane
993 3541 1070 3584 cum
1099 3518 1312 3583 Baehmanni

249 3632 415 3698 anecdoto
440 3652 628 3716 congruere
662 3630 699 3695 in
733 3636 853 3718 aperto
888 3635 949 3708 est,
982 3626 1042 3693 sed
1076 3626 1312 3714 etymologum

248 3744 419 3827 puriorem
448 3739 665 3825 glossematis
688 3738 834 3805 formam
857 3760 1011 3804 servasse
1027 3734 1223 3802 Ludwichio
1245 3737 1267 3801 l.
1282 3759 1309 3802 c.

248 3850 398 3936 proclive
417 3848 649 3926 concedimus3
674 3847 752 3913 inde
770 3848 879 3933 igitur
895 3848 933 3913 in
956 3852 1053 3912 textu
1070 3845 1311 3912 constituendo

248 3957 533 4044 proficiscendum
569 3964 631 4023 est.
686 3959 800 4042 Atque
836 3955 1090 4036 Eratosthenis
1122 3953 1311 4042 Hermippi,

356 4171 399 4238 15)
418 4170 509 4240 Χάρης
535 4168 586 4240 qui
612 4167 662 4222 hic
680 4174 814 4233 vocatur,
842 4165 958 4224 idemne
987 4165 1026 4220 sit
1050 4172 1139 4238 atque
1157 4163 1310 4237 Apollonii

251 4258 363 4314 Rhodii
380 4259 496 4316 assecla
515 4276 553 4314 an
573 4258 651 4312 alins
671 4259 799 4331 scriptor
817 4257 896 4314 hand
915 4263 1026 4313 certum
1046 4264 1099 4314 est.
