3156 4966
644 516 823 574 ...19-

274 688 359 754 Οὐδέ
382 684 443 773 γὰρ
464 683 653 777 Ἡρακλέης,
678 683 777 756 ὁπότ’
802 683 924 781 ῆλυθεν
940 687 1110 778 Ἀρκαδίην
1139 690 1183 770 δέ,
1307 737 1310 744 -

270 793 422 874 πλωίδας
446 789 584 882 ὄρνιθας
606 795 845 885 Στυμφαλίδας
867 797 983 865 ἔσθενε
1005 797 1121 886 λίμνης

264 897 424 970 όίσασθαι
447 902 577 983 τόξοισι

314 1013 381 1093 Τὰς
404 1013 640 1101 Στυμφαλίδας
662 1007 803 1103 όρνιθός
827 1035 929 1104 φησιν
941 1021 1000 1082 οὐκ
1016 1011 1153 1084 έδίννατο
1175 1016 1268 1083 απιό-
1299 1061 1301 1064 -

202 1129 342 1207 σασθαι,
366 1120 397 1189 εί
418 1121 464 1212 μῆ
487 1123 647 1209 κρόταλον
669 1126 809 1207 χαλκοῦν
845 1122 901 1190 καὶ
927 1121 1045 1213 ψόφον
1072 1128 1180 1191 ποιῶν
1202 1123 1269 1204 ε’ξε-

202 1233 355 1323 φόβησεν.
389 1231 536 1313 πλωίδες
569 1233 605 1300 δέ
639 1225 774 1322 όρνιθες
801 1234 976 1299 καλοῦνται
1011 1229 1068 1299 διὰ
1095 1232 1134 1300 τὸ
1165 1233 1198 1300 έν
1227 1238 1268 1324 τῆ

201 1341 297 1429 λίμνῃ
321 1341 424 1422 αὐτὰς
449 1340 610 1434 νήχεσθαι
634 1345 691 1432 τῆς
712 1339 892 1428 Ἀρκαδίας,
926 1336 966 1421 ίίς
994 1339 1158 1432 Ἡρακλῆς
1186 1338 1270 1409 ἅπε-

202 1450 326 1530 δίωξεν.
373 1453 572 1542 Στόμφαλος
594 1454 631 1520 δέ
655 1450 758 1530 πόλις
784 1445 964 1537 Ἀρκαδίας
990 1452 1047 1518 καί
1077 1452 1268 1540 Στυμφαλίς

201 1561 237 1628 δέ
259 1559 384 1648 λίμνηῙ)
409 1561 466 1629 καί
484 1557 634 1651 Ὅμηρος,
658 1559 858 1650 Στόμφηλόν
881 1562 911 1626 τ’
934 1553 1029 1642 εἶχον’
1056 1559 1105 1639 (11.
1130 1566 1160 1626 Β
1176 1561 1266 1646 608).

200 1670 429 1759 Στυμφαλίδες
453 1671 489 1738 δέ
511 1670 661 1758 λέγονται
685 1670 763 1756 περὶ
780 1668 882 1757 αὐτὴν
901 1663 1042 1753 ὄρνιθες,
1060 1662 1098 1748 δίς
1113 1669 1267 1750 πλωίδας

103 1769 121 1808 '²
199 1773 293 1845 εἶπεν
311 1775 543 1859 Ἀπολλώνιος·
569 1774 653 1847 οὕτω
678 1779 713 1846 δὲ
737 1777 839 1856 αὐτὰς
862 1772 1087 1858 ὀνομάζεσθαι
1115 1779 1267 1860 Σέλευκος

199 1887 233 1954 έν
257 1886 459 1971 Συμμίκτοις
482 1889 539 1955 καὶ
567 1886 679 1977 Χάρης
702 1889 803 1954 αὐτοῦ
826 1887 882 1951 τοῦ
913 1879 1132 1954 Ἀπολλωνίου
1155 1887 1265 1974 γνιόρι·

198 2021 261 2080 μος
283 1995 317 2062 έν
340 2000 388 2085 τῷ
411 1996 489 2082 περὶ
512 1994 666 2085 ἱστοριῶν
689 1997 746 2061 τοῦ
766 1988 995 2062 Ἀπολλωνίου.
1010 1991 1105 2073 ἰδίως
1122 1995 1158 2062 δέ
1174 2002 1266 2061 Μνα-

199 2107 276 2184 σέας
299 2107 382 2194 φησί
407 2103 603 2194 Στυμφάλου
626 2103 716 2184 τινός
739 2099 844 2192 ῆρωος
867 2103 923 2170 καί
940 2095 1098 2190 ’Ὁρνιθος
1112 2103 1266 2190 γυναικὸς

198 2213 353 2299 γενέσθαι
371 2213 605 2303 Στυμφαλίδας
621 2213 812 2301 θυγατέρας,
828 2205 868 2292 δς
883 2209 1007 2279 ἀνελεῖν
1022 2209 1263 2297 τδνἩρακλέα,

200 2318 255 2389 ότι
278 2330 316 2390 οὐ
340 2323 573 2411 προςεδέξαντσ
597 2320 701 2391 αὐτόν
728 2323 785 2389 καί
808 2321 954 2402 έξένισαν
977 2321 1053 2402 τοδς
1084 2321 1263 2402 Μολίονες.

202 2433 384 2522 Φερεκύδης
396 2433 433 2500 δέ
445 2453 548 2523 φησιν
571 2439 608 2500 οὐ
632 2439 784 2520 γυναῖκας
808 2425 878 2498 ἀλλ’
903 2425 1044 2519 ὄρνιθας
1067 2431 1124 2499 καὶ
1141 2426 1264 2520 ἇναιρε·

199 2541 303 2628 θῆναι
327 2538 414 2625 πρὸς
437 2537 633 2627 Ἡρακλέους
667 2544 838 2630 πλαταγῆς
866 2541 1023 2630 δοθείσης
1055 2543 1146 2630 αὕτη]
1176 2539 1263 2630 πρός

199 2643 239 2712 τό
269 2654 405 2714 κτυπεῖν
428 2650 486 2716 καί
509 2649 667 2739 ἒμφοβεῖν
693 2649 809 2729 αὐτός·
838 2647 963 2734 ὁμοίως
995 2649 1051 2718 καί
1077 2646 1264 2730 Ἑλλάνικός

198 2777 308 2843 φησιν.
334 2753 392 2848 τῆν
423 2758 459 2824 δέ
487 2757 704 2847 Στυμφαλίδα
735 2757 852 2847 λίμνην
886 2758 971 2847 φασί
1006 2758 1063 2826 διὰ
1097 2758 1264 2846 βερέθρων

196 2861 396 2932 ἐκδοθεῖσαν
419 2871 633 2958 ξηρανθῆναι.

304 2973 353 3042 cf.
383 2974 554 3050 Susemihl
582 2977 604 3042 1.
633 2999 661 3044 υ.
684 2980 700 3043 I
722 3001 755 3066 p.
786 2977 867 3062 389;
901 2979 935 3042 II
961 3001 995 3065 p.
1031 2978 1107 3060 1513
1137 2979 1260 3062 christ,

197 3081 321 3148 Gesoh.
346 3086 377 3150 d.
402 3085 531 3170 griech.
554 3085 657 3153 Lim
679 3111 713 3174 p.
730 3088 796 3153 534
809 3085 899 3168 adn.;
926 3085 1023 3152 Oohn
1040 3083 1131 3176 apud
1145 3089 1262 3172 Pauly·

195 3191 301 3258 Wiss.
325 3193 365 3259 Ε.
391 3194 433 3258 R.
458 3216 483 3260 s.
507 3215 540 3262 v.
564 3193 691 3262 Chares
713 3195 888 3262 001.2130.
933 3195 985 3261 De
1009 3197 1131 3264 avibus
1149 3197 1261 3284 Stym-

195 3299 341 3385 phaliois
364 3325 397 3368 v.
423 3303 519 3390 Hyg.
542 3303 679 3371 fabulas
703 3306 746 3372 20
770 3311 805 3370 et
828 3305 880 3371 30.

711 3528 734 3592 2

302 3642 413 3712 Sehol.
451 3645 606 3733 Apollon.
641 3645 753 3713 Rhod.
788 3647 848 3730 IV,
889 3645 973 3710 1470
1012 3639 1258 3728 (Merkel-Keil

193 3773 227 3836 p.
251 3749 391 3835 525,4):

303 3879 371 3948 Τὸν
393 3884 451 3966 μέν
474 3874 524 3970 ἄρ’
551 3878 631 3950 αἶσα
654 3885 743 3950 θεῶν
764 3879 873 3973 κείνην
888 3878 969 3950 δδδν
983 3879 1096 3972 ἠνορέη
1113 3905 1147 3946 τε
1175 3879 1256 3945 1468

301 3979 412 4076 ὦρσεν,
437 3992 478 4058 ἵν’
500 3989 681 4081 Ἡρακλῆος
706 3989 895 4083 ἀπηλεγέως
918 3991 1122 4066 πεπύθοιτο,

301 4096 479 4188 Εἰλατίδην
505 4101 708 4191 ΙΙολίνφημον

301 4295 325 4362 l)
351 4297 493 4370 Στυαφῆλη
512 4297 540 4351 δέ
558 4297 634 4368 λίμνη
648 4297 749 4354 cod.L
770 4319 802 4344 ·-·
821 4297 963 4353 Laurent.
983 4297 1058 4363 32,9.

1061 4394 1094 4428 ο*
