3156 4966
652 491 829 548 ..63-

212 683 293 730 seno
316 662 488 749 quondam
512 662 692 752 probatam
715 660 850 728 invenit
871 666 988 727 noster
1004 659 1278 726 emendationem

211 796 262 840 vs.
285 774 350 838 459
374 771 410 839 ἔν
431 796 515 839 ποτε
548 793 610 859 pro
639 771 738 838 codd.
762 770 925 836 memoria
960 765 1001 836 ἄν
1034 770 1091 835 vel
1124 764 1163 836 ἅν
1187 794 1280 851 ποτε,

212 903 419 968 quamquam
442 880 610 947 Christian
643 887 679 947 et
702 878 928 946 Schroederus
951 877 1118 946 Bocckhii
1150 877 1281 943 coniec-

212 1002 326 1057 turam
365 989 425 1058 τάν
463 1015 546 1058 ποτε
579 989 787 1078 praeferunt.
837 990 992 1054 Eatenus
1026 988 1069 1054 de
1103 985 1280 1053 Chaeridis

215 1100 397 1166 sedulitate
431 1098 562 1166 critica.
585 1137 629 1147 -
651 1098 839 1166 Veniamus
872 1097 916 1162 ad
951 1098 1095 1163 alterum
1128 1096 1281 1161 locorum

15 1206 16 1215 ’
148 1271 155 1276 ,
214 1206 379 1292 ordinem,
406 1207 538 1293 quibus,
563 1208 645 1293 quid
660 1209 731 1274 illic
747 1213 852 1295 poeta
867 1206 1023 1287 senserit,
1046 1205 1185 1271 Chaeris
1207 1204 1281 1270 illu·

214 1323 322 1383 strare
344 1322 503 1406 temptat.
540 1318 592 1384 Ac
614 1321 725 1406 primo
742 1317 852 1384 Sohcl.
868 1316 972 1403 Pyth.
994 1315 1052 1396 IV,
1079 1316 1141 1380 118
1165 1315 1282 1399 agitur

214 1426 256 1492 de
279 1426 433 1513 epitheto
450 1423 620 1495 ἀθάνατον
636 1430 774 1494 Medeae
791 1426 842 1493 cri
864 1424 985 1508 indito,
1008 1423 1129 1510 dequo
1152 1424 1211 1490 ille
1233 1425 1283 1490 iu·

213 1535 305 1602 dicat
327 1531 497 1604 ἀθάνατον
520 1537 631 1619 στόμα
653 1535 693 1603 τὸ
713 1533 866 1625 Μηδείας
889 1528 983 1599 εἶπεν
1002 1585 1011 1601 .
1033 1583 1091 1600 ...
1115 1531 1151 1601 ἐκ
1166 1532 1282 1616 μέρους

214 1644 272 1734 τὴν
295 1639 474 1728 ἀθάνατον,
498 1642 574 1712 ἐπεὶ
589 1646 646 1712 καὶ
658 1643 816 1722 Ἡσίοδος
839 1642 872 1709 ἒν
887 1645 927 1730 τῇ
946 1641 1105 1728 (lemovis
1127 1644 1191 1724 (vs.
1204 1642 1281 1720 960)

214 1749 387 1820 ἀθάνατον
409 1749 510 1842 αὐτήν
534 1775 644 1842 φησιν.
689 1753 759 1820 Sed
790 1752 1011 1818 vehementer
1034 1754 1170 1834 erravit,
1204 1775 1282 1818 oum

215 1862 345 1928 diceret
366 1857 557 1928 Hesiodum
590 1863 658 1930 illis
692 1885 760 1929 vss.
785 1859 960 1928 aaa-962
989 1858 1147 1926 Medeam
1178 1861 1282 1947 plane

215 1969 444 2036 immortalem
465 1972 671 2056 nominasse,
707 1994 809 2057 quam
840 1970 883 2037 ob
907 1991 1046 2035 causam
1069 1969 1282 2056 Asclepiadis

216 2079 418 2162 sententiae,
442 2101 529 2164 quae
552 2083 706 2166 sequitur
733 2078 904 2147 ἀθάνατον
919 2072 1021 2168 αὐτὴν
1045 2101 1146 2168 φησιν
1162 2130 1281 2157 ......

218 2184 272 2256 ὅτι
308 2185 399 2256 οὐδὲν
432 2192 498 2253 τῶν
520 2189 687 2276 ῥηθέντων
711 2185 768 2256 ὑπ’
802 2183 901 2276 αἰτῇς
923 2181 1034 2263 ἀτελὲς
1057 2186 1182 2272 γέγονεν
1205 2183 1282 2256 οὐδὲ

215 2295 349 2386 ἐφθάρη
371 2296 567 2363 Boeckhius
595 2299 741 2366 accessit
764 2299 1010 2385 interpretatus
1043 2296 1098 2361 ‘ob
1122 2296 1280 2363 divinita

215 2417 284 2474 tem
306 2404 505 2474 fatidicam!
551 2408 685 2475 Deinde
708 2408 811 2494 Pyth.
833 2405 893 2487 IV,
919 2405 981 2472 156
1014 2425 1125 2473 sermo
1154 2411 1206 2470 est
1240 2405 1282 2471 de

216 2515 356 2597 Aloidis,
391 2514 457 2582 Oto
481 2516 613 2583 scilicet
642 2523 678 2583 et
701 2515 874 2603 Ephialte,
910 2535 1054 2598 quorum
1077 2513 1282 2579 mentiorem

219 2623 356 2689 Chaeris
372 2624 557 2712 vituperat,
580 2627 742 2711 quoniam
758 2624 957 2712 Apollinem
974 2622 1189 2707 Martemque
1205 2645 1283 2690 cum

218 2733 347 2798 Jasone
371 2755 587 2821 comparasse
610 2733 774 2802 sufficiat:
815 2738 909 2811 θεοῖς
937 2732 997 2816 μὲν
1030 2731 1090 2818 γὰρ
1113 2730 1284 2814 εἰκάζομέν

219 2867 319 2924 τινας,
353 2836 547 2927 ἀνθρώποις
581 2844 617 2910 δὲ
639 2840 820 2931 incoactos
842 2842 900 2908 καὶ
923 2839 1140 2928 τερατώδεσιν
1164 2838 1283 2908 οὐκέτι.

219 2950 287 3017 Sed
323 2950 514 3018 reluctatur
552 2952 713 3020 Chaeridi
750 2957 888 3039 praeter
921 2950 1144 3032 Bceckhium,
1187 2952 1284 3014 cuius

217 3061 326 3126 verba
340 3060 526 3145 Blauius34)
548 3060 688 3129 iteravit
709 3059 778 3141 (ille
795 3060 971 3126 Chaeridis
993 3059 1158 3126 iudicium
1181 3064 1285 3125 vocat

219 3169 418 3257 trigidum)
427 3172 532 3237 etiam
545 3170 726 3236 Christius:
743 3169 786 3234 ‘A
798 3170 872 3252 diis,
884 3170 1006 3255 inquit,
1018 3168 1161 3235 iuvenili
1174 3166 1285 3233 forma

218 3279 413 3362 insignibus
448 3277 625 3343 descendit
647 3289 749 3367 poeta
782 3279 826 3344 ed
857 3279 979 3346 heroas
1010 3277 1284 3358 formosissimas,

219 3385 310 3450 inter
344 3407 429 3470 quos
460 3386 610 3472 primum
643 3389 799 3454 nominat
826 3387 974 3471 Aloidas,
1008 3409 1093 3472 quos
1114 3386 1285 3452 Homerus

219 3493 283 3559 Od.
317 3495 345 3576 λ,
370 3495 436 3558 310
470 3492 664 3576 καλλίστους
697 3495 780 3581 μετά
807 3521 843 3582 ys
871 3494 987 3564 κλυτὸν
1006 3491 1156 3582 Ὠρίωνα
1189 3517 1283 3580 prae-

220 3602 399 3668 dicaverat
421 3602 492 3667 ott'
518 3642 558 3650 —
583 3604 642 3670 Vs.
667 3607 731 3671 313
764 3605 915 3672 eiusdem
948 3604 1109 3671 carminis
1131 3603 1285 3690 Orpheus

220 3711 415 3798 appellatur
445 3709 480 3792 ἐξ
498 3707 703 3792 Ἀπόλλωνος
730 3713 943 3802 φορμιγκτάς,
978 3713 1069 3800 quod
1091 3712 1285 3778 Boeckhius

220 3843 298 3886 cum
320 3821 434 3908 priore
449 3819 579 3885 scholio
595 3813 641 3886 tt
656 3823 815 3912 suppleto
832 3823 951 3890 ‘filium
967 3821 1146 3911 Apollinis’
1169 3821 1285 3886 vertit.

221 3929 314 3994 Idem
338 3929 446 3994 sensit
468 3928 690 4016 pluribusque
713 3933 827 3999 verbis
843 3932 1002 4022 exposuit
1017 3930 1154 3997 oraculo
1169 3929 1286 3996 addito

221 4044 256 4102 et
279 4037 483 4126 Asclepiade
509 4039 696 4127 plaudente
720 4041 870 4126 Chaeris,
900 4043 993 4108 cuius
1021 4039 1213 4106 sententiae
1240 4047 1286 4106 te·

327 4280 372 4350 34)
392 4280 410 4335 l.
430 4298 455 4336 c.
473 4296 503 4351 p.
523 4281 557 4334 64
576 4299 619 4352 sq.
