3156 4966
699 436 877 494 -55-

258 629 378 674 vocem
402 609 563 693 στροῦθος
584 607 818 695 βαροτονητέον
838 608 1030 696 postulasse
1054 615 1199 696 apparet
1222 607 1325 674 idem·

259 739 324 801 que
340 715 495 782 docuisse
508 715 725 803 Tryphonem
748 715 782 781 ἐν
806 716 943 803 δευτέρω
967 716 1045 801 περὶ
1070 717 1212 807 Ἀττικῆς
1227 743 1323 804 προς-

260 823 372 913 ptiar,
410 847 496 910 quae
520 827 626 892 verba
640 825 831 892 Herodiani
853 825 930 912 ipsa
950 848 992 891 ex
1012 826 1186 913 Egenolfii
1214 849 1325 894 emen·

259 934 397 1001 datione
420 957 490 1000 non
513 934 613 1000 huius
629 934 698 1000 loci
712 941 766 1000 est
781 941 948 1023 repetere,
960 935 1238 1022 quandoquidem
1253 936 1324 1002 iam

258 1067 361 1132 supra
376 1068 410 1132 p.
427 1046 470 1111 35
486 1044 690 1110 adverbum
706 1043 954 1110 transtulimus.
1000 1043 1040 1108 ld
1056 1066 1161 1112 unum
1176 1045 1324 1112 adiciam

257 1177 397 1220 necesse
432 1160 505 1219 est:
539 1153 677 1220 Chaeris
711 1158 751 1218 ut
777 1151 974 1236 Dionysius,
1010 1151 1230 1221 Aristarchus
1265 1155 1325 1221 alii

152 1326 155 1330 .
258 1263 415 1328 Atticum
438 1269 474 1328 et
497 1261 708 1346 ἀττικίζοντα
731 1263 919 1328 Homerum
942 1263 1103 1329 hahuisse
1133 1263 1325 1348 vicerunt)

257 1371 414 1457 Denique
438 1375 541 1439 tertio
569 1373 646 1438 looo
675 1372 738 1438 sub
772 1372 938 1440 iudicium
965 1394 1129 1443 vocamus
1157 1373 1261 1441 schol.
1300 1374 1322 1438 1.

258 1487 288 1546 Σ
312 1483 371 1546 191
396 1481 666 1565 versatissimum,
687 1487 727 1547 ut
749 1481 799 1546 ita
827 1481 949 1565 dicam,
977 1481 1068 1566 quod
1097 1485 1209 1566 quoad
1231 1505 1322 1547 nuno

259 1589 334 1654 fieri
349 1589 468 1677 possit,
483 1589 631 1678 primum
647 1596 720 1657 toto
737 1613 864 1677 genere
880 1591 1079 1668 emendasse
1095 1591 1181 1670 mihi
1198 1591 1324 1673 videor,

258 1704 480 1786 posteaquam
515 1698 575 1764 alii
608 1698 644 1765 id
678 1699 807 1766 frustra
844 1699 881 1766 in
918 1701 1086 1766 trutinam
1124 1706 1322 1785 exegerrmt.

259 1807 376 1873 Sermo
415 1819 468 1873 est
504 1808 542 1874 in
579 1830 681 1874 versu
719 1808 858 1875 laudato
892 1809 1055 1896 (loquitur
1089 1808 1242 1874 Achilles
1281 1809 1323 1874 de

258 1916 434 2000 Thetide):

364 2049 479 2113 στεῦτο
513 2043 573 2133 γὰρ
603 2047 801 2134 Ἡφαίστοιο
830 2050 899 2133 πάρ
938 2045 1078 2132 ὀἰσέμεν
1111 2045 1203 2113 ἔντεα
1237 2043 1322 2112 καλά

254 2153 297 2219 de
319 2155 526 2243 anastrophe
547 2157 810 2244 praepositionis
835 2155 937 2244 παρά,
959 2156 1002 2221 de
1025 2177 1092 2241 qua
1114 2176 1160 2238 re,
1190 2154 1219 2219 si
1244 2176 1316 2220 sen·

126 2310 128 2316 ¹
256 2265 402 2330 tentiam
417 2263 640 2353 pronuntiare
655 2263 710 2352 fas
725 2273 786 2349 est,
800 2267 903 2354 paulo
921 2263 1060 2350 longius
1083 2262 1179 2329 abire
1201 2263 1315 2328 liceat.

256 2372 348 2439 Nota
371 2382 451 2440 sunt
474 2372 616 2456 hehrsii,
639 2373 677 2438 in
700 2374 766 2440 hac
789 2375 970 2464 disciplina
1003 2372 1195 2441 acutissimi
1217 2377 1321 2456 atque

256 2482 526 2568 ingeniosissimi
541 2482 663 2566 critici,
680 2490 836 2551 veterum
850 2489 1037 2572 praecepta
1053 2482 1095 2548 de
1113 2480 1322 2569 anastrophe

257 2592 608 2680 praepositionemffll
622 2614 708 2678 quaa
723 2599 763 2658 ut
779 2600 894 2660 cetera
907 2594 1064 2680 planiora
1080 2591 1160 2670 sint,
1177 2589 1210 2657 h.
1226 2589 1249 2658 1.
1266 2612 1321 2653 ex-

255 2707 472 2788 promantur;
490 2700 608 2767 docuit
616 2701 671 2768 vir
683 2701 834 2767 omnium
850 2700 1085 2768 doctissimus:
1104 2704 1133 2764 1.
1146 2695 1215 2762 Ubi
1226 2717 1320 2783 prae-

256 2810 383 2897 positio
400 2811 602 2898 simplioitar
616 2811 749 2878 nomini
772 2831 833 2876 suo
857 2811 913 2876 vel
928 2807 1120 2897 pronomini
1135 2807 1190 2871 vel
1212 2804 1319 2872 verbo

255 2926 482 3006 postponatur
498 2921 620 2987 doctae
636 2919 854 3004 antiquitatis
870 2922 988 3003 regula
1005 2925 1059 2984 est
1072 2919 1254 2982 accentum
1272 2936 1321 2979 re-

256 3027 348 3093 trahi
377 3079 615 3097 ........
650 3029 680 3096 2.
706 3027 773 3095 Sed
801 3026 863 3094 ubi
889 3026 1100 3116 praepositio
1128 3023 1321 3114 postposita

255 3137 378 3202 ultima
404 3137 518 3204 vocali
545 3137 681 3204 abiecta
708 3159 818 3221 neque
847 3142 1011 3223 sequente
1043 3133 1321 3221 interpunctione

255 3245 499 3330 apostrophum
522 3245 703 3334 acceperit,
728 3245 783 3310 vel
805 3246 897 3311 inter
912 3242 1203 3332 praepositionem
1217 3247 1320 3326 atque

255 3355 471 3435 vocabulum,
496 3354 586 3440 quod
609 3354 689 3420 inde
717 3353 854 3442 pendet,
877 3353 1001 3419 vocula
1029 3373 1098 3416 una
1122 3352 1178 3418 vel
1205 3351 1320 3438 plures

254 3446 480 3551 interpositae
514 3466 593 3547 sint,
621 3471 696 3530 tum
729 3462 817 3528 nihil
852 3462 975 3528 debere
1010 3462 1047 3526 in
1082 3466 1227 3525 accentu
1258 3481 1319 3547 po-

255 3571 367 3638 nendo
390 3596 411 3638 a
434 3574 536 3640 solita
558 3574 692 3640 ratione
714 3571 851 3638 decedi’
869 3609 910 3620 --
927 3573 1003 3638 Hac
1026 3578 1127 3637 tenus
1146 3568 1319 3635 Lehrsius.

254 3682 369 3768 Atque
403 3682 496 3748 illius
523 3688 757 3771 praecaptum,
786 3680 877 3766 quod
900 3687 953 3746 est
986 3679 1029 3746 de
1064 3676 1318 3767 praepositione

254 3792 487 3878 synaloephen
520 3813 622 3879 passa
655 3811 726 3856 non
760 3790 870 3856 solum
892 3787 1131 3854 Aristarchum
1162 3792 1319 3852 secutum

255 3921 328 3965 esse
351 3900 420 3979 sed,
445 3900 549 3965 etiam
575 3899 794 3988 Apollonium
818 3898 980 3964 discimus
1009 3919 1051 3962 ex
1074 3895 1177 3961 schol.
1200 3895 1317 3960 citato,

359 4138 404 4204 20)
424 4137 464 4194 M.
484 4137 616 4192 Schmidt
635 4137 742 4193 Philol.
762 4137 819 4192 VII
839 4137 928 4204 (1852)
946 4153 974 4206 p.
991 4136 1053 4194 373.

361 4231 409 4299 21)
428 4227 562 4294 Quasstt.
582 4244 646 4298 epp.
666 4244 694 4297 p.
715 4229 748 4283 75
767 4245 808 4298 sq.
