3156 4966
728 537 903 594 „66-

286 707 503 794 interpretes,
538 729 679 792 quorum
712 707 749 772 in
775 729 915 774 numero
952 713 1130 776 versantur
1151 705 1351 790 Heredium,

287 815 451 903 Didymus
486 816 545 882 alii
581 838 791 906 magnopere
813 817 1028 897 rixabuntur3
1066 817 1101 882 in
1135 816 1188 881 his
1211 816 1351 882 Chaonis

286 949 369 1015 prae
401 928 522 994 ceteris
551 925 675 1014 prodit,
698 927 758 1013 qui
780 928 869 994 hunc
885 927 1092 995 sententiam
1107 926 1351 1015 perabsurdum

285 1038 322 1104 in
345 1037 494 1104 medium
504 1035 647 1123 profert:
673 1034 713 1104 τό
728 1037 871 1121 Δαρείου
894 1035 968 1104 ἀντὶ
985 1039 1042 1103 τοῦ
1058 1034 1186 1120 Ξέρξου·
1211 1034 1352 1124 σῦυηθες

287 1145 348 1235 γὰρ
385 1153 454 1228 τοῖς
488 1151 645 1234 ποιηταῖς
683 1145 743 1213 tat
780 1149 844 1213 τῶν
875 1143 956 1212 υἱῶν
989 1150 1059 1225 τοῖς
1097 1149 1162 1211 τιῦυ
1201 1144 1353 1231 πατέρων

288 1251 429 1340 ὀνόμασι
464 1261 620 1349 χρῆσθαι.
680 1255 747 1322 Sed
782 1255 900 1322 statim
933 1255 1047 1324 verbis
1082 1255 1274 1340 castigatur
1308 1254 1351 1320 ab

286 1365 406 1432 eodem
439 1365 635 1433 scholiasta:
677 1365 764 1452 πρὸς
802 1358 841 1432 ὃν
878 1366 968 1432 ἔστιν
1004 1363 1121 1447 εἰπεῖν,
1160 1359 1215 1431 ὅτι
1249 1363 1282 1431 έν
1304 1366 1352 1452 τῷ

287 1474 430 1560 δράματι
442 1475 571 1561 λέγεται
588 1475 718 1565 Ἓέρξης
739 1477 798 1560 μὲν
821 1471 916 1555 αὑτὸς
934 1476 973 1565 ζῆ
987 1499 1021 1541 τε
1036 1474 1093 1542 καὶ
1109 1474 1225 1558 βλέποι
1243 1475 1352 1564 φάος.’

287 1585 334 1650 Et
356 1590 557 1672 repetuntur
579 1585 771 1672 iterumque
793 1587 984 1652 refutantur
1000 1582 1175 1651 Chaeridis
1198 1581 1351 1669 ineptiae

287 1694 323 1760 in
347 1692 454 1759 altere
487 1694 607 1761 scholii
640 1696 810 1784 particule
843 1703 923 1784 post
957 1689 1071 1778 ἄλλως,
1105 1693 1165 1759 ubi
1187 1692 1352 1776 Didymus

287 1804 589 1889 grammaticorum
628 1807 817 1873 sententies
845 1805 984 1888 dirimit,
1018 1825 1119 1889 quem
1153 1803 1265 1868 locum
1288 1800 1352 1867 for.

287 1919 378 1979 tasse
411 1919 504 1980 recte
538 1915 788 2004 Fritzschiuslss)
824 1915 972 1982 correxit
1004 1915 1039 1982 in
1075 1914 1165 1979 hunc
1200 1910 1352 1978 modum:
1413 1999 1414 2002 Ἴ

288 2023 375 2102 τινὲς
398 2025 433 2091 δέ
456 2021 598 2110 Δαρείου
620 2020 693 2092 ἀντὶ
717 2030 773 2093 τοῦ
797 2025 923 2112 Ξέρξου,
960 2017 1014 2092 ὅτι
1050 2027 1120 2102 τοῖς
1143 2047 1354 2108 πατρωνυμι-

290 2136 362 2212 κοῖς
385 2128 458 2198 ἆυτὶ
490 2137 556 2199 τιῡυ
589 2133 708 2220 κυρίων
742 2136 922 2224 κέχρηνται,
958 2132 988 2201 oi
1025 2133 1069 2218 δέ,
1110 2128 1164 2200 ὅτι
1200 2133 1238 2220 ζῆ
1262 2127 1353 2198 tut

291 2242 420 2332 Ξέρξης,
444 2242 501 2310 καὶ
525 2239 580 2311 ὅτι
603 2240 739 2312 ε’ίδιυλου
752 2244 893 2332 Δαρείου
920 2245 1101 2335 φθέγγεται
1124 2241 1200 2321 ἐκεῖ,
1235 2247 1353 2329 τεθνη-

291 2350 388 2432 κότος
411 2353 617 2443 δηλοι·ότι.39)
663 2354 738 2433 Qua
761 2355 898 2443 quidem
930 2353 1063 2421 ratione
1096 2352 1203 2419 verba
1226 2351 1354 2418 Aristo·

289 2461 413 2548 phanis
435 2461 621 2552 depravata
644 2468 757 2530 sanari
779 2467 922 2554 possint,
957 2464 1065 2531 adhuc
1090 2467 1151 2528 sub
1175 2462 1287 2528 indice
1311 2461 1352 2526 lis

294 2578 360 2652 est;
384 2595 427 2638 ex
449 2569 726 2641 emendationum
748 2574 850 2657 nube,
885 2596 986 2658 quum
1009 2597 1096 2641 rece.
1121 2577 1353 2654 excusserunt,

288 2682 383 2749 nullu
405 2692 466 2766 est,
489 2705 576 2768 quae
600 2684 643 2750 ub
660 2685 818 2751 omnibus
834 2683 879 2750 sit
894 2685 1050 2772 probata.
1087 2683 1155 2750 Sed
1171 2689 1354 2768 utcumque

289 2792 467 2874 iudicatur,
496 2793 667 2860 neminem
690 2794 812 2882 opinor
833 2792 915 2876 fore,
948 2795 1001 2860 cui
1025 2793 1196 2860 immerito
1220 2794 1355 2861 Chaeri-

293 2903 369 2970 dem
398 2901 596 2989 obiurgesse
624 2903 743 2972 videar
757 2905 849 2991 quod
870 2905 1039 2990 licentiae,
1064 2925 1151 2990 quae
1174 2909 1354 2992 poetarum

293 3018 355 3098 est,
376 3011 500 3078 tribuit
522 3010 606 3099 ipsis
629 3015 824 3081 nominibus
848 3014 995 3103 propriis
1031 3035 1090 3099 pro
1113 3011 1357 3100 patronymicis

290 3122 353 3190 uti.
400 3121 596 3188 Cuiusmodi
618 3146 736 3209 nugas,
760 3146 847 3210 quae
873 3148 940 3192 non
955 3132 1036 3192 suut
1058 3122 1170 3192 severi
1185 3122 1356 3207 sobriique

291 3229 412 3311 critici,
438 3231 573 3316 qualem
589 3255 665 3299 eum
682 3235 879 3319 ceteroquin
899 3235 1004 3302 fuisse
1020 3234 1149 3300 infitias
1172 3233 1214 3298 iri
1230 3234 1357 3318 nequit,

396 3521 441 3588 38)
460 3520 496 3574 Ια
516 3520 586 3576 edit.
605 3519 682 3578 Ren.
701 3539 730 3594 p.
749 3524 802 3578 333

396 3613 440 3682 39)
461 3611 559 3667 Verbo
578 3612 683 3669 scholii
701 3613 796 3686 ipsius
815 3614 889 3670 hacc
908 3620 995 3671 eunt:
1019 3619 1087 3671 τιυὲς
1109 3614 1137 3666 δὲ
1155 3611 1284 3685 γράφουσι
1302 3617 1355 3667 Δυ-

290 3708 360 3772 otton
377 3702 428 3756 τοῦ
441 3703 546 3774 Ξέρξου,
566 3707 593 3759 οἱ
609 3704 644 3770 δέ,
664 3704 704 3760 ὅτι
717 3700 946 3777 τοῖςιιυριύιςιὶυτί
956 3705 1012 3760 τῶν
1021 3706 1231 3776 πατρωνυμικῶυ
1248 3705 1306 3776 κέχρ
1315 3727 1355 3772 ρυ-

290 3816 333 3846 ται
350 3801 392 3846 καί
410 3791 452 3848 ὅτι
474 3793 550 3868 [ἔστι]
570 3793 583 3849 ὁ
606 3797 707 3869 Ξέρξης.
746 3799 772 3850 οἱ
789 3797 824 3860 δέ,
852 3797 894 3852 ὅτι
921 3797 1030 3852 sidicino
1060 3801 1169 3867 Δαρίιου
1201 3796 1355 3870 uestimenta,

290 3885 388 3939 ἐκείνου
408 3885 470 3956 [ἐκεῖ
482 3903 537 3946 em.
549 3887 652 3961 Dobr.]
668 3889 831 3957 τεθνηκόταἱ
848 3887 980 3957 δηλονότι.
1007 3888 1065 3943 Hic
1077 3888 1222 3943 nonnulla
1236 3886 1357 3942 turbata

290 3975 339 4030 vel
358 3983 495 4048 corrupte
515 3995 579 4035 esse
597 3997 650 4052 per
668 3997 700 4036 ee
718 3987 816 4052 petet3
842 3982 942 4053 itaque
961 3980 1085 4037 Bleuius
1104 3980 1121 4038 1.
1144 3999 1166 4036 ο.
1188 3998 1218 4052 p.
1235 3981 1269 4034 62
1288 3976 1355 4034 adn.

291 4075 307 4124 2
325 4073 378 4122 eut
390 4073 499 4138 Δαρείου
518 4076 588 4126 unte
599 4072 696 4144 Ξέρξου
709 4071 867 4127 delendum
886 4077 939 4127 eut
957 4072 1017 4127 ἀντί
1029 4078 1099 4128 ante
1117 4072 1149 4128 id
1167 4070 1356 4128 inserendum

290 4160 445 4230 proponit;
466 4167 622 4233 praeterea
641 4163 828 4220 commendat
845 4163 908 4221 cod.
933 4164 1070 4234 cocunt.
1087 4172 1129 4217 καὶ
1141 4174 1213 4218 ἔστιν
1225 4160 1239 4216 ὁ
1253 4162 1356 4234 Ξέρξης.

291 4250 348 4306 Sed
367 4253 461 4308 multo
481 4260 526 4308 est
545 4256 807 4313 commendabilius
835 4255 900 4311 loco
920 4274 984 4314 cum
1004 4256 1179 4320 Fritzschi0‚
1207 4263 1241 4311 ut
1269 4253 1356 4310 modo

292 4344 421 4413 fecimus,
439 4347 608 4416 graviorem
626 4345 804 4402 medicinam
822 4346 937 4404 efferre.
