3156 4966
699 411 876 518 μιχθ-

257 627 387 711 σίδενὸς
409 630 469 720 γὰρ
492 634 557 696 τῶν
580 628 634 700 ὑπ’
660 627 774 712 αὐτοῖς
797 629 922 721 εἴδησις
947 628 965 724 ῆ
988 631 1209 723 γραμματικῆ,
1237 628 1321 700 ἀλλὰ

255 739 402 824 μέθσδός
426 739 477 820 τίς
500 740 572 808 ἐστι
596 746 661 808 τῶν
684 741 777 827 παρὰ
800 741 922 820 τοιότας
944 737 1061 826 ἑτέρων
1070 743 1191 810 λεκτῶν
1214 743 1321 812 τεκαὶ

256 853 386 939 νοητῶν,
411 851 533 940 νοητῶν
554 854 614 934 μὲν
638 845 681 930 ῶς
705 846 757 918 ὅτι
781 847 917 936 πίσυρες
940 849 1095 936 τέσσαρες
1118 850 1174 920 καί
1197 855 1322 943 βῆσσαι

255 959 312 1026 καὶ
337 951 438 1046 ι’ίγκεα4
459 957 492 1026 ci
514 957 655 1043 βάσιμσι
683 957 793 1040 τόποι,
826 961 948 1027 λεκτῶν
983 959 1018 1026 δὲ
1052 963 1117 1026 τῶν
1151 959 1227 1046 περὶ
1262 960 1322 1040 τὰς

256 1067 453 1150 διαλέκτους,
485 1061 564 1152 οἷον,
596 1065 651 1136 ότι
675 1072 769 1136 τοῦτο
794 1068 853 1152 μὲν
876 1064 1003 1155 ε’ίρηται
1025 1059 1195 1154 Δωρικῶς,
1226 1071 1322 1138 τοῦτο

256 1179 285 1242 δ’
309 1175 491 1260 Αίολικῶς,
524 1176 581 1244 καὶ
605 1169 663 1260 οόχ
681 1169 765 1267 ᾗπερ
789 1175 820 1246 σί
845 1176 983 1244 στωικοὶ
1006 1176 1045 1244 τό
1071 1176 1321 1265 σημαινόμενον,

255 1284 323 1352 ἀλλ’
340 1283 507 1354 ἀνάπαλιν
519 1285 557 1355 τό
586 1293 757 1378 σημαῖνον·
783 1286 821 1354 τό
847 1285 906 1374 γάρ
925 1284 1042 1374 νοητὸν
1057 1285 1115 1354 ἐπὶ
1132 1291 1190 1355 τοῦ
1206 1311 1321 1376 σημαι-

257 1395 389 1479 νομένου
410 1393 513 1479 μόνον
547 1395 775 1486 παρείληπται
812 1396 901 1484 (adv.
934 1399 1036 1462 math.
1061 1397 1077 1459 I
1101 1399 1140 1480 ἐξ
1175 1399 1228 1462 76.
1254 1397 1321 1480 77).

255 1507 342 1574 Tum
366 1527 447 1570 vero
463 1505 617 1572 Charctis
641 1507 831 1573 doctrinam
855 1506 1047 1571 accuratius
1071 1528 1148 1571 cum
1163 1505 1323 1592 Dionysii

256 1612 456 1682 definitione
480 1617 696 1702 comparanti
719 1617 823 1682 Sexto
846 1614 1022 1703 Empirico
1051 1615 1185 1703 saepius
1208 1638 1250 1680 cx
1271 1636 1322 1680 ra·

255 1722 349 1787 tione
372 1724 525 1810 sceptica
548 1725 647 1812 copia
669 1726 770 1793 datur
792 1725 889 1792 illum
905 1746 1007 1810 quam
1022 1725 1322 1791 vehementissime

254 1831 443 1918 increpare,
467 1832 557 1918 quod
577 1833 838 1920 grammaticam
857 1834 987 1901 versari
1002 1834 1151 1900 voluerit
1171 1835 1208 1899 in
1228 1835 1322 1900 omni

168 1989 169 1994 η
254 1962 340 2006 vocc
365 1942 497 2008 Graeca
521 1950 556 2008 et
578 1943 615 2008 in
639 1943 732 2010 omni
754 1943 960 2028 significata
994 1947 1084 2029 quod
1112 1943 1258 2030 quidem,
1292 1947 1322 2010 si

254 2049 307 2114 fas
331 2050 376 2116 sit
398 2050 523 2135 dicero,
558 2074 602 2120 nc
630 2053 686 2118 dci
709 2052 846 2138 quidem
880 2059 1055 2140 praestare
1085 2053 1234 2140 possint3
1272 2053 1321 2118 sic

255 2157 390 2224 disertis
413 2160 529 2225 verbis
551 2166 705 2227 nostrum
727 2162 868 2249 pungit:
894 2160 988 2228 Ἀλλὰ
1011 2158 1052 2230 τὰ
1075 2162 1136 2240 μὲν
1158 2165 1216 2254 τῆς
1237 2157 1321 2230 άπο·

255 2265 381 2346 δόσεως
404 2273 551 2351 τοιαῦτα,
581 2273 630 2359 πῆ
652 2270 712 2353 μὲν
733 2271 934 2358 μετριώτερα
957 2273 1023 2336 τῶν
1045 2268 1221 2338 Διονυσίου
1244 2267 1322 2338 ἆτο-

255 2377 428 2463 πημάτων,
453 2405 502 2467 πη
526 2379 562 2446 δὲ
584 2377 725 2466 χείρονα.
751 2375 806 2447 ότι
828 2380 888 2465 μὲν
910 2377 971 2466 χδιρ
994 2383 1052 2468 τῆς
1075 2384 1219 2470 σωρικῆς
1236 2375 1323 2448 ἀπο-

256 2485 331 2568 ρίας
353 2486 478 2570 ἐξέλασε
501 2482 562 2576 τῆν
577 2486 806 2581 χραμματικῆν
821 2488 878 2556 καὶ
894 2493 960 2555 τῶν
975 2485 1154 2572 ἀλλοτρίων
1169 2487 1324 2574 κεχῶρικε

257 2601 491 2684 θεωρημάτων,
523 2599 681 2690 μουσικῆς
704 2597 814 2664 τεκαὶ
836 2602 1075 2687 μαθηματικῆς
1098 2595 1142 2677 ῶς
1164 2597 1210 2686 μῆ
1228 2622 1323 2684 προς·

256 2703 408 2791 ηκόντων,
450 2702 592 2774 αὐτόθεν
628 2706 805 2796 σομφανές·
838 2711 896 2774 τοῦ
935 2707 971 2774 δὲ
1003 2706 1048 2795 μῆ
1092 2703 1323 2775 ἀνυπόστατον

255 2808 414 2899 ὑπάρχειν
438 2811 590 2900 οὐδαμῶς
613 2811 713 2904 αὗτῆν
735 2811 900 2900 ε’ρρίσατο,
923 2810 1007 2882 ἀλλὰ
1030 2816 1086 2882 καὶ
1110 2814 1158 2896 εἰς
1181 2815 1219 2882 τδ
1238 2809 1323 2884 εἶναι

176 3005 177 3010 ¹
256 2923 408 3012 τοιαύτην
430 2926 554 3007 μᾶλλον
576 2923 828 3014 συνηγωνίσατο.
855 2920 950 3004 ὁμὲν
965 2922 1026 3012 γὰρ
1042 2926 1217 3004 Διονίσιος
1239 2925 1323 2994 κατά

256 3057 289 3096 τι
313 3030 448 3115 διῶρισε
471 3033 531 3100 τὸν
553 3038 612 3126 τῆς
634 3035 861 3125 γραμματικῆς
885 3028 970 3119 ὅρον,
1005 3032 1063 3100 ἐπὶ
1093 3032 1202 3117 μόνων
1224 3029 1324 3124 αἰτῆν

257 3143 408 3228 ποιητῶν
431 3166 465 3207 τε
488 3143 545 3211 καί
561 3143 770 3232 σομχραφὲων
785 3142 924 3231 στῆσας·
953 3133 1046 3223 οὗτος
1065 3144 1101 3210 δὲ
1117 3144 1194 3228 περὶ
1211 3147 1324 3210 πᾶσαν

252 3244 443 3336 Ἑλληνικῆν
466 3250 578 3344 φωνῆν
601 3252 659 3318 καὶ
682 3251 760 3340 περὶ
789 3255 858 3318 πᾶν
878 3251 1118 3339 σημαινόμενον
1140 3250 1323 3340 καταγίγνο-

256 3365 341 3426 σδαι
366 3359 487 3450 ταύτην
509 3361 612 3430 θέλει.
656 3356 752 3448 άπερ,
777 3361 806 3428 εὶ
830 3358 973 3445 θεμιτόν
996 3359 1114 3442 εἰπεῖν,
1135 3356 1208 3430 αἰδὲ
1229 3368 1324 3440 θεοῖς

256 3462 400 3556 άνοτόνὸ)
424 3469 522 3538 ε’στιν.
557 3465 601 3550 ῶς
623 3467 684 3558 γάρ
719 3469 960 3560 καὶπρότερον
994 3469 1152 3557 ἐλέγομεν,
1188 3465 1323 3554 οόδεμία

255 3576 400 3660 μέθοδος
423 3577 617 3648 συνίσταται
641 3577 720 3666 περί
747 3605 781 3647 τι
805 3575 951 3666 ἄπειρον,
976 3574 1068 3646 άλλά
1096 3578 1153 3644 καὶ
1175 3579 1323 3664 μάλιστα

256 3682 337 3776 αότη
354 3691 451 3755 τοῦτο
468 3693 625 3775 περατοῖ·
650 3688 788 3775 τῶνγὰρ
804 3683 967 3775 ἀορίστων
985 3682 1005 3777 ῆ
1021 3685 1189 3779 ἕπιστῆμη
1205 3687 1324 3772 δεσμός

255 3794 360 3862 ἐστιν·
386 3795 427 3864 τὰ
452 3800 488 3865 δὲ
504 3795 706 3888 σημαίνοντα
728 3797 786 3863 καὶ
802 3795 1028 3887 σημαινόμενα
1044 3800 1110 3862 τῶν
1122 3793 1323 3882 πραγμάτων

255 3904 345 3971 ἐστὶν
368 3900 508 3992 ἄπειρα·
532 3902 591 3973 cia
607 3901 671 3992 ἄρα
686 3904 777 3974 ἐστὶν
800 3901 1044 3997 ῆχραμματικῆ
1062 3905 1155 3995 τέχνη
1179 3905 1257 3992 περὶ
1280 3902 1322 3972 τά

255 4013 456 4102 σημαίνοντα
480 4014 537 4082 καὶ
561 4012 781 4104 σημανόμενα.
805 4014 862 4083 καὶ
884 4015 950 4106 μῆν
982 4021 1143 4082 παντοῖαι
1177 4014 1323 4103 γίνονται

361 4250 390 4318 8)
408 4242 526 4304 ἀνυστόν
544 4249 672 4316 Lobcck‚
693 4249 822 4321 Paralip.
841 4267 964 4320 gramm.
982 4249 1032 4310 Gr.
1050 4266 1079 4320 p.
1097 4255 1159 4308 431.
