3156 4966
723 479 901 536 „50„.

281 653 442 738 derumll)
464 650 601 717 notavit
624 650 852 733 Artemidoro,
887 649 1048 736 scriptori
1083 649 1211 715 saeculi
1245 648 1347 737 primi

279 786 313 850 p.
338 761 414 830 Chr.
449 759 541 826 haud
576 758 762 825 difficulter
797 758 1029 826 occassionem
1051 757 1272 844 Apollonium
1301 762 1346 824 oi-

281 869 379 936 tandi
402 868 554 936 oblatam
588 869 702 951 fuisse,
738 867 839 933 etiam
874 867 903 932 si
932 867 1133 956 Apollonius
1168 868 1346 936 Chaeridis

281 979 372 1046 filius
405 977 521 1046 fuerit.
567 977 637 1044 Sed
672 975 873 1042 Schneideri
907 975 1169 1058 dubitationem,
1202 977 1245 1043 de
1279 1000 1346 1062 qua

282 1110 385 1176 supra
408 1085 609 1174 diximus,¹²)
632 1086 823 1152 rectissime
846 1083 986 1152 Blauius
1009 1085 1034 1150 l.
1056 1107 1084 1152 c.
1111 1084 1240 1152 refutat
1261 1085 1347 1152 haec

283 1198 427 1263 addens:
455 1197 544 1264 ‘Hoc
567 1195 603 1262 in
626 1195 810 1262 manifesto
833 1201 895 1275 est,
918 1196 969 1262 ita
991 1195 1084 1261 hunc
1106 1201 1147 1261 ut
1162 1195 1347 1278 Ohaeridis,

282 1314 322 1375 ut
344 1329 417 1372 mea
440 1306 578 1392 quidem
612 1305 681 1370 fert
703 1305 886 1386 sententia,
910 1305 1101 1378 Aristarchi
1137 1304 1346 1393 discipuli13)
1392 1394 1395 1401 Ι

284 1423 344 1482 aut
367 1423 460 1481 certe
483 1414 685 1484 Aristarcho
714 1414 818 1503 paulo
841 1414 986 1497 serioris,
1021 1414 1131 1482 filium
1166 1439 1244 1483 cum
1278 1417 1347 1498 illo,

282 1526 357 1613 ipse
380 1526 438 1610 qui
459 1524 565 1589 fuerit
587 1523 778 1589 Aristarchi
802 1522 1001 1609 discipulus,
1026 1524 1191 1591 confundi
1206 1521 1347 1593 minime

282 1639 405 1720 posse’
452 1633 547 1710 Quae
570 1655 647 1700 cum
671 1636 721 1718 ite
744 1631 825 1712 sint,
849 1631 1073 1719 Apollonium
1095 1639 1153 1701 τοῦ
1184 1633 1348 1721 Χαίριδος

286 1741 470 1826 Chaeridis,
495 1742 626 1828 dequo
649 1741 794 1828 agimus,
815 1740 925 1806 filium
948 1744 1052 1808 fuisse
1086 1766 1148 1832 pro
1172 1750 1265 1809 certo
1288 1765 1347 1829 pu·

283 1851 427 1918 tandum
450 1861 511 1919 est.
557 1851 647 1916 Nam
668 1850 810 1938 paribus
844 1849 967 1917 studiis
990 1853 1182 1919 Homericis
1213 1852 1348 1919 deditus

284 1960 431 2026 fortasse
455 1958 560 2026 etiam
582 1959 692 2048 patris
716 1958 979 2027 commentarios
1013 1962 1050 2028 in
1074 1961 1348 2050 Aristophanem,

284 2069 345 2154 qui
366 2069 476 2136 multa
500 2069 631 2135 habent
653 2067 877 2157 imperfectae
900 2071 1112 2138 condicionis
1135 2070 1293 2156 vestigia,
1309 2076 1350 2135 ut

285 2177 376 2242 infra
410 2176 599 2261 docebitur,
642 2176 870 2265 amplificavit
908 2179 1173 2268 perpolivitque.
1230 2178 1349 2245 Habes

283 2288 392 2373 igitur
415 2289 542 2372 omnia,
569 2309 656 2373 quae
691 2287 733 2352 de
767 2293 881 2353 aetate
904 2287 1045 2374 vitaque
1069 2289 1241 2356 Chaeridis
1264 2289 1351 2355 veri-

286 2396 392 2462 simili
417 2395 563 2482 quadam
590 2396 724 2462 ratione
755 2402 904 2483 possunt
937 2398 1106 2484 indagari.
1154 2398 1222 2466 Sed
1257 2403 1350 2463 ante·

257 2487 388 2592 'quam
422 2505 554 2590 reliqua
587 2504 833 2594 perquiramus,
867 2506 1041 2594 Apollonii
1075 2508 1252 2576 Chaeridis
1285 2506 1351 2572 filii

285 2614 457 2700 reliquiae,
481 2620 521 2681 ut
543 2613 675 2680 occasio
699 2613 827 2696 tulerit,
851 2636 1027 2682 recensere
1049 2615 1134 2685 mihi
1156 2617 1274 2683 liceat:

443 2837 655 2935 fraumenta
682 2837 850 2938 Apollonii
884 2849 955 2915 voc
981 2843 1189 2941 Xalpatog:

805 2987 820 3050 1

393 3101 505 3169 Schol.
530 3105 705 3192 Aristoph.
729 3107 832 3193 Vesp.
850 3106 932 3170 1239
955 3105 1084 3192 (Didot.
1108 3128 1143 3192 p.
1162 3109 1246 3191 162),
1261 3108 1352 3194 quod

286 3211 382 3278 codd.
417 3212 650 3300 depravatum
685 3213 851 3278 exhibent
881 3237 956 3280 cum
988 3215 1109 3285 Blauio
1132 3219 1154 3284 l.
1180 3240 1209 3282 c.
1241 3240 1275 3305 p.
1307 3218 1352 3282 55

291 3323 369 3389 adn.
393 3320 414 3384 2
438 3327 474 3386 et
497 3321 701 3389 Susemihlio
717 3324 740 3389 l.
764 3347 793 3390 c.
817 3323 882 3389 hoo
903 3324 1006 3391 modo
1029 3327 1224 3392 restituam:

394 3425 553 3521 Ἀδμήτου
575 3432 679 3520 λόγον]
703 3432 759 3500 καὶ
783 3437 880 3499 τοῦτο
903 3426 983 3524 ἆρχι)
1008 3433 1140 3502 σκολίοο
1162 3475 1207 3483 -
1227 3430 1353 3519 Ἀμμώ-

287 3542 382 3626 νιοςῙ)
423 3540 459 3606 δὲ
491 3539 525 3606 ἐν
548 3545 618 3621 τοῖς
644 3541 926 3631 Κιομῳὸουμέιοις
954 3542 1011 3609 καὶ
1041 3541 1102 3610 τὸν
1127 3543 1354 3631 Κλειτογόραν

394 3717 439 3785 11)
457 3715 562 3772 Jahnii
580 3733 646 3771 ann.
666 3735 691 3772 c.
703 3721 771 3774 1866
791 3736 819 3789 p.
838 3720 890 3775 229
909 3715 977 3775 adnss
995 3721 1012 3776 5
1031 3726 1107 3790 etp.
1126 3723 1180 3778 230
1198 3739 1240 3793 sq.

396 3808 440 3871 12)
457 3807 501 3862 De
528 3807 686 3878 Apollonio
716 3809 895 3864 Arstarcheo
924 3809 1012 3881 (Blau
1034 3811 1053 3867 l.
1072 3829 1096 3866 c.
1114 3828 1143 3883 p.
1168 3811 1204 3866 50
1222 3809 1276 3882 sq.)
1305 3827 1352 3865 co·

289 3897 451 3968 gitaverat.

397 3990 439 4056 13)
456 3988 523 4044 Hoc
542 3990 680 4061 equidem
697 3996 877 4062 negaverim,
894 3992 953 4047 vid.
973 4011 1065 4066 supra
1082 4010 1111 4065 p.
1130 3996 1173 4053 48.

411 4081 437 4146 1)
457 4077 597 4150 Ἀδιιιιιόνιοο
608 4082 770 4153 8118θωί111;
790 4081 920 4154 Ἁρμόδιος
938 4085 1034 4155 0οᾶᾶῆ
1058 4083 1189 4158 Ἡρόδικος
1207 4086 1258 4142 vel
1269 4084 1353 4156 Ἄρτε-

287 4167 411 4240 ιιίδωρος·
438 4170 606 4238 Dobraeus3
624 4172 755 4246 Ἡρόδικος
774 4175 863 4236 Dind.
882 4176 1020 4241 Blcuius3
1043 4176 1096 4232 sed
1114 4177 1183 4232 vide
1202 4175 1354 4232 Susemih·

287 4259 361 4330 lium
379 4261 398 4316 1.
417 4279 441 4315 o.
