3156 4966
668 500 846 558 ..57-

224 670 323 751 Quod
361 693 442 740 vero
477 673 521 740 ad
558 672 703 738 alteram
740 670 807 737 viri
837 668 1059 736 illustrissimi
1098 668 1211 754 legem
1250 668 1292 734 de

224 781 434 870 anastrophe
461 781 596 861 attinet,
625 780 736 846 denuo
764 779 1005 846 confirmatum
1032 778 1129 844 vides
1159 777 1291 844 dietum

222 891 467 980 perantiquum
499 891 589 975 quod
617 888 711 956 valet
739 889 783 953 ad
817 889 986 956 rationem
1015 887 1293 974 grammaticam:

223 1000 318 1067 nullo
340 999 557 1087 regulatsine
580 997 791 1084 exceptione.
838 998 926 1064 Nam
957 996 1187 1084 anastrophen
1218 1019 1292 1085 pas·

228 1131 300 1175 sam
324 1131 398 1174 esse
420 1105 711 1197 praepositionem
727 1105 939 1172 decurtatam
957 1129 1101 1191 eamque
1117 1105 1293 1172 admisisse

228 1225 264 1282 et
284 1214 526 1290 Aristarchum
549 1222 585 1280 et
607 1215 843 1282 Herodianum
872 1215 1033 1282 hehrsius
1069 1216 1145 1303 ipse
1170 1214 1290 1280 docuit

223 1326 370 1406 maioris,
404 1331 445 1389 ut
486 1322 633 1404 videtur,
674 1323 932 1413 perspicuitatis
966 1347 1078 1406 eausa,
1110 1318 1171 1390 ne¹
1189 1322 1292 1406 παρά,

224 1434 267 1500 de
289 1455 357 1519 quo
384 1431 589 1522 Ἡφαιστοῖο
617 1433 757 1521 pendet,
789 1457 868 1500 cum
899 1432 1029 1517 οἰσέμεν
1067 1431 1293 1516 coalescere),

224 1565 275 1609 vs.
302 1544 361 1610 191
387 1544 553 1628 legentes,
576 1549 616 1609 ut
639 1565 743 1630 supra
766 1541 992 1608 exaravimus.
1038 1541 1219 1608 Traditum
1241 1547 1294 1608 est

223 1652 261 1718 in
284 1652 390 1719 schol.
413 1651 515 1718 huius
537 1650 606 1717 looi
628 1653 755 1738 priore:
778 1649 986 1737 Ἀρίσταρχος
1013 1647 1213 1740 ἀναστρέφει
1235 1647 1295 1740 τὴν

224 1758 396 1844 πρόθεσιν
419 1759 506 1847 πρὸς
529 1758 635 1851 τὸμὴ
666 1758 944 1850 ἆμφιβάλλεσθαι
966 1760 1027 1827 τὸν
1054 1759 1158 1847 λόγον,
1183 1757 1295 1826 καίτοι

225 1873 291 1935 τῶν
314 1870 596 1960 σνναλειφομὲνων
618 1869 663 1960 μὴ
688 1867 989 1958 ἀναστρεφομένων,
1030 1867 1076 1948 ὡς
1101 1868 1160 1936 καὶ
1181 1863 1295 1953 Ἀπολ-

224 1978 345 2058 λώνιός
368 2001 480 2068 φησιν.
527 1978 674 2065 ἐπείσθη
697 1973 767 2068 osv}
789 1980 978 2062 παράδοσις
990 1974 1206 2064 Ἀριστάρχῳ,
1220 1984 1295 2043 tum

225 2094 410 2176 postquam
433 2089 475 2154 de
490 2088 581 2174 diple
604 2088 648 2154 ad
663 2087 696 2155 h.
713 2111 746 2155 v.
770 2094 883 2153 actum
898 2095 960 2171 est,
980 2111 1067 2174 quae
1084 2087 1198 2153 omnia
1214 2092 1295 2152 sunt

230 2198 323 2263 clara
346 2220 386 2265 ao
409 2198 601 2286 perspicua,
624 2203 786 2262 secuntur
807 2196 949 2282 reliqua,
973 2205 1013 2262 ut
1034 2198 1146 2284 primo
1170 2197 1294 2263 obtutu

225 2313 331 2393 patet,
355 2306 457 2374 valde
480 2307 624 2389 detorta,
660 2328 748 2392 quae
771 2305 815 2372 ad
828 2305 1045 2374 ’Chaeridem
1068 2305 1293 2395 spectant²3):

229 2423 337 2502 χαῖρις
361 2421 409 2506 σῷ
433 2413 492 2496 τὰς
515 2413 793 2503 συναλειφθείσας
822 2415 1003 2502 προθέσεις
1027 2415 1073 2506 μὴ
1099 2413 1294 2502 ἀναστρέφε-

228 2525 389 2603 σθαιναὶ
405 2525 526 2593 ἐνθάδε
542 2521 601 2592 οὐκ
620 2522 951 2611 ἀναστρέφεσθαι
966 2551 1034 2591 και
1057 2522 1203 2591 ἐνθάδε
1225 2519 1295 2592 οὐκ

228 2629 437 2722 ἀναστρέφει,
461 2633 578 2726 ἵναμὴ
595 2634 756 2721 διάφορον
771 2634 1013 2721 σημαινόμενον
1029 2637 1152 2723 νοηθῇ·
1177 2633 1295 2722 διαφέ-

228 2765 277 2824 ρει
301 2739 362 2828 μὰρ
386 2739 426 2810 cd
451 2747 661 2830 παρενεγκεῖν
681 2737 869 2831 Ἡφαίστου
900 2737 1002 2810 ὅπλα.
1061 2746 1111 2808 Ac
1145 2744 1295 2829 primum

227 2851 364 2936 quidem
387 2852 494 2919 verba
516 2850 789 2939 &reacceperint
813 2850 870 2918 καὶ
894 2850 1016 2918 ἐνθάδε
1043 2846 1102 2918 οὐκ
1131 2857 1171 2916 ut
1193 2850 1293 2918 ditto-

228 2959 1296 3048 graphiameioiendaesseabundecognoveruntVilloisonius,

228 3070 418 3155 Bckkerus,
441 3071 650 3138 Dindorfiur.
710 3071 798 3137 Tum
821 3069 1001 3155 veroquid
1023 3068 1161 3136 videtur
1183 3070 1293 3136 credi-

227 3179 330 3247 bilius
353 3179 430 3262 nisi‚
452 3203 527 3246 oum
550 3203 593 3246 ex
620 3181 837 3248 aberratione
859 3181 1033 3246 oculorum
1050 3177 1136 3245 haec
1152 3179 1291 3245 librario

226 3292 352 3353 iterum
373 3289 411 3353 in
433 3290 550 3354 stilum
573 3289 745 3372 fluxerint,
774 3288 949 3377 complura
972 3287 1079 3353 verba
1107 3294 1187 3374 post
1215 3283 1292 3354 ἄνα-

227 3400 434 3485 σνρὲφεσθαι
474 3399 684 3466 infinitivum
714 3396 888 3464 excidisse.
944 3397 1120 3487 Quaenam
1152 3395 1290 3480 fuerint,

225 3512 347 3594 postea
361 3505 549 3574 videamus.
594 3509 648 3573 Ao
670 3508 818 3595 primurn
835 3504 974 3590 quidem
986 3504 1185 3571 Chaeridem
1209 3527 1288 3571 oasu

225 3615 373 3682 fortasse
397 3615 587 3682 Aristarchi
614 3615 779 3682 rationem
813 3613 977 3702 probasse
1004 3613 1182 3680 evidenter
1210 3636 1287 3682 meo

226 3724 364 3809 quidem
386 3723 513 3790 iudicio
537 3746 579 3789 cx
601 3723 716 3789 verbis
744 3723 893 3811 διαφέρει
922 3722 982 3810 γὰρ
1011 3720 1050 3789 τὰ
1080 3728 1290 3809 παρενεγκεῖν

223 3830 412 3921 Ἡφαίστου
439 3825 528 3898 ὅπλα
552 3831 740 3915 conficitur,
770 3852 875 3916 quare
907 3829 952 3920 μὴ
987 3837 1067 3919 post
1098 3833 1163 3909 tvo,
1199 3833 1290 3918 quod

330 4009 375 4076 22)
394 4007 469 4062 Vide
500 4009 701 4065 Duentzerum
738 4006 782 4062 ad
812 4007 841 4062 h.
864 4023 890 4064 v.
915 4007 947 4062 in
975 4008 1188 4064 commentario
1217 4025 1289 4064 snae

225 4099 375 4155 editionis.

333 4191 378 4258 23)
396 4190 455 4246 Pro
475 4199 568 4262 Χαῖρις
586 4192 661 4263 legit
679 4189 876 4246 Villoisonius
895 4191 984 4260 χαίρει,
1002 4188 1055 4246 sed
1073 4189 1163 4245 velim
1181 4207 1288 4261 cogno-

226 4299 292 4336 scas
310 4281 341 4336 iu
358 4281 459 4338 codice
478 4282 537 4354 legi
553 4291 635 4354 χαῖρις
654 4281 703 4338 fol.
722 4282 775 4334 242
788 4297 816 4336 v.
