3156 4966
338 1677 468 1820 Quam
503 1727 646 1792 difficile
681 1727 726 1791 sit
748 1733 851 1811 atque
883 1749 1064 1814 operosum
1097 1728 1292 1813 grammati·

230 1860 347 1903 corum
369 1845 526 1903 veterum
541 1835 702 1920 reliquias
715 1835 963 1920 indagantibus
979 1842 1074 1901 certa
1088 1837 1132 1903 ab
1150 1838 1291 1903 incertis

229 1967 422 2031 segregare,
446 1946 560 2011 fontes
584 1967 710 2024 eruore,
732 1967 832 2010 suum
850 1945 978 2030 ‘cuique
1000 1945 1150 2028 reddere,
1175 1969 1218 2010 ne
1242 1946 1291 2011 eis

228 2055 366 2140 quidem
386 2054 520 2136 latebit,
553 2055 613 2139 qui
645 2076 706 2119 seu
733 2054 939 2141 primoribus
961 2054 1067 2120 labris
1090 2077 1151 2120 seu
1173 2078 1291 2143 oppor-

228 2164 379 2230 tunitate
395 2166 511 2231 oblata
530 2186 592 2251 per
611 2165 818 2248 παρέκβασιν
829 2164 1039 2230 Graecorum
1056 2164 1291 2230 technicorum

228 2274 284 2338 vel
298 2274 532 2340 Romanorum
555 2273 747 2340 doctrinam
770 2273 963 2358 attigerint.
1008 2272 1129 2357 Neque
1151 2271 1289 2340 mirum:

228 2383 510 2448 considerandum
534 2390 587 2448 est
609 2406 652 2448 ex
673 2382 808 2468 ingenti
830 2382 1035 2470 scriptorum
1057 2403 1208 2466 numer0,
1233 2382 1292 2466 qui

227 2493 501 2558 Ptolemaeorum
534 2492 750 2579 potissimum
784 2497 898 2557 aetate
932 2494 1116 2556 floruerunt
1145 2487 1291 2552 Alexan-

228 2599 331 2683 driae,
365 2601 425 2666 vix
458 2623 565 2666 unum
588 2601 779 2666 alterumve
812 2600 970 2665 relictum
1004 2620 1077 2664 esse
1110 2597 1291 2681 integrum.

228 2716 418 2776 ceterorum
456 2709 615 2775 notitiam
652 2709 854 2797 plerumque
886 2708 1055 2773 inclusam
1086 2706 1292 2792 fragmentis

227 2818 444 2904 paucissimis
451 2824 488 2883 et
496 2817 597 2884 valde
609 2818 788 2902 pusillis—
799 2818 975 2884 nominum
988 2817 1292 2903 grammaticorum

228 2932 405 3013 stupemus
429 2926 573 3015 copiam,
597 2949 699 3013 quam
714 2926 878 2992 exhibent
899 2927 1030 2991 indices
1045 2933 1084 2990 ut
1099 2924 1292 2990 Ludwichii

228 3035 272 3100 ad
295 3035 433 3100 Lentzii
446 3038 682 3103 Herodianum
704 3037 785 3124 (vol.
801 3037 837 3102 II
859 3061 891 3125 p.
911 3037 995 3101 1206
1019 3041 1093 3121 sq.),
1116 3035 1173 3100 vel
1198 3035 1294 3100 scho-

227 3144 350 3211 liorum
367 3168 510 3233 corpora
518 3145 671 3226 Homeri,
684 3146 932 3233 Aristophanis,
942 3145 1127 3232 Apollonii,
1137 3144 1292 3209 aliorum.

228 3250 298 3316 Sed
325 3253 477 3320 nondum
502 3253 617 3319 omnia
637 3255 804 3320 exhausta
826 3264 914 3338 sunt,
937 3277 1025 3340 quae
1048 3253 1131 3319 talia
1153 3255 1292 3319 investi-

228 3361 361 3444 gaturis
396 3362 609 3450 obstrepunt.
671 3363 922 3450 Saepenumero
957 3364 1048 3430 enim
1082 3362 1217 3445 accidit,
1254 3369 1294 3427 ut

227 3467 376 3534 frustula
400 3471 483 3536 artis
507 3471 753 3556 grammaticae
777 3473 1038 3555 Alexandrinae,
1066 3493 1152 3555 quae
1176 3471 1292 3537 etiam·

227 3599 319 3644 nunc
342 3578 428 3644 diem
452 3581 615 3659 tulerunt,
637 3580 674 3645 in
690 3580 828 3646 scholiis
851 3581 1018 3667 glossisve
1037 3581 1189 3668 dispersa
1210 3587 1292 3645 tem·

227 3709 348 3774 porum
382 3689 564 3774 iniquitate
598 3689 654 3754 vel
687 3691 820 3754 incuria
855 3689 1071 3756 librariorum
1094 3691 1195 3757 valde
1222 3689 1292 3755 sint

227 3795 419 3882 inquinata.
465 3798 540 3876 Quo
563 3798 694 3864 factum
726 3803 788 3879 est,
821 3805 861 3863 ut
890 3800 1095 3886 scriptorum
1117 3800 1292 3879 memoria,

227 3904 377 3988 quinon
400 3907 510 3974 solum
538 3930 599 3974 suo
632 3907 773 3992 ingenio
801 3908 924 3974 cet'eris
945 3911 1198 3994 praestiterunt,
1233 3907 1293 3972 sod

227 4014 333 4080 etiam
370 4038 413 4081 ex
451 4019 719 4104 coryphaeorum
742 4017 989 4102 grammaticae
1022 4016 1175 4082 fontibus
1212 4038 1290 4081 suos

227 4119 380 4190 hortulos
403 4125 605 4210 irrigabant,
632 4128 724 4191 nudo
747 4130 884 4192 nomine
908 4132 1051 4214 excepto
1074 4125 1130 4191 vel
1152 4146 1292 4213 prorsus

228 4229 398 4298 interierit
420 4235 476 4301 vel
491 4235 606 4301 studia
628 4234 665 4299 in
679 4234 909 4322 peculiaribus
924 4234 1022 4301 libris
1038 4241 1098 4300 aut
1111 4240 1292 4323 poetarum

1116 4353 1131 4404 1
