3156 4966
735 491 912 550 ..53-

293 685 430 728 sensum
452 683 614 750 perquam
640 662 820 747 disturbat,
856 671 1028 752 expuncto
1061 672 1143 752 post
1165 661 1357 754 ἀναστρεφο-

292 777 379 837 σθαι
402 771 631 859 supplendum
648 795 768 853 censeo
791 779 934 840 verbum
951 772 1127 858 quodlibet
1150 774 1359 840 assentiendi

293 878 442 966 ὁμολογεῖ
475 881 533 945 vel
568 877 699 963 ὁμονοεῖ
732 883 789 948 vel
820 881 1111 966 συγκατατίθεται,
1147 883 1270 949 deinde
1300 883 1358 950 καὶ

292 989 437 1057 ἐνθάδε
460 997 532 1058 οὐκ
551 985 759 1078 ἀναστρέφει,
783 993 874 1078 quod
897 995 1059 1077 sequitur,
1079 992 1147 1067 nisi
1169 998 1229 1059 οὐκ
1247 992 1358 1058 delen·

293 1103 373 1164 dum
407 1100 462 1180 sit,
497 1122 576 1164 cum
599 1098 789 1166 Schradero
817 1099 840 1164 l.
857 1123 885 1166 c.
910 1105 1072 1167 mutarim
1104 1102 1141 1166 in
1175 1100 1290 1168 ἔνθαδ’
1316 1093 1357 1167 αὖ

293 1203 500 1297 ἀναστρέφει.
546 1211 655 1274 Immo
678 1230 759 1274 vero
783 1209 999 1296 exploratum
1022 1211 1133 1276 habeo
1166 1218 1247 1298 post
1282 1206 1359 1276 ἄνα-

293 1301 498 1404 στρὲφεσθαι
522 1318 686 1384 maiorem
713 1317 869 1384 lacunam
908 1327 1042 1385 exstare
1076 1327 1219 1407 propter
1253 1320 1354 1385 ditto-

293 1425 484 1513 graphiam
509 1427 550 1492 de
575 1449 642 1512 qua
665 1450 768 1514 supra
791 1427 1053 1515 disputavimus
1089 1450 1177 1513 quae
1210 1429 1358 1516 suspicio

292 1535 416 1600 vocula
439 1537 496 1601 καὶ
521 1527 676 1621 οαςεοαε,
728 1539 848 1621 ltaque
883 1537 1050 1616 scholion,
1086 1559 1153 1622 quo
1188 1539 1288 1606 modo
1322 1539 1359 1603 in

294 1643 495 1709 collectione
517 1644 790 1731 fragmentorum
818 1669 869 1712 nr.
894 1650 914 1712 6
939 1645 1189 1713 conformatum
1214 1655 1274 1730 est,
1299 1670 1358 1735 op-

293 1753 378 1818 time
401 1775 534 1819 currere
557 1753 764 1840 putaverim:
784 1752 924 1846 ‘Xciccg
940 1759 988 1844 τῷ
1006 1753 1062 1833 τάς
1079 1754 1358 1843 συναλειφδείσας

296 1861 476 1947 προθέσεις
498 1859 543 1949 μὴ
567 1856 835 1950 ἀναστρέφεσθαι
862 1860 1024 1949 ὁμολογεῖ,
1054 1863 1138 1930 ἔνθα
1173 1857 1247 1931 δἀὗ
1283 1860 1359 1932 dva-

296 1970 439 2058 στρέφει,
452 1973 506 2036 ἵνα
519 1972 681 2064 διάφορον
697 1973 816 2060 νοηθῇ·
841 1972 992 2062 διαφέρει
1008 1971 1069 2060 γὰρ
1086 1972 1124 2040 τδ
1149 1980 1359 2060 παρενεγκεῖν

290 2077 479 2169 Ἡφαίστου
503 2077 657 2166 δ’ττλαῖ24)

400 2195 512 2275 Atque
542 2191 646 2254 etiam
673 2212 710 2254 re
739 2193 859 2255 critica
883 2191 1083 2258 Chaeridem
1112 2215 1148 2257 se
1177 2199 1359 2279 expertum

294 2321 368 2364 essa
391 2299 564 2384 colligitur
587 2321 630 2362 ex
652 2297 759 2363 schol.
783 2299 849 2363 ΕΤ
867 2299 956 2366 ΙΙμΖ
974 2303 1006 2381 4,
1030 2323 1097 2386 quo
1124 2319 1223 2366 versu
1246 2304 1360 2386 legen·

295 2407 376 2473 dum
399 2409 533 2472 censuit
555 2407 717 2493 μεσσηγὺς
740 2414 908 2491 ποταμοῖο
932 2409 1146 2495 Σκαμάνδρου
1173 2409 1230 2475 καὶ
1254 2409 1360 2492 Σιμό-

294 2541 398 2601 εντος;
423 2537 504 2580 nam
526 2513 689 2602 πρότερον
710 2515 890 2602 ἐγέγραπτο
907 2513 1081 2605 (μεσσηγὺς
1102 2523 1268 2602 ποταμοῖο
1278 2524 1362 2583 Σκα-

293 2626 436 2710 μάνδραν
462 2625 519 2692 καὶ
543 2623 772 2712 στομαλίμνης,
799 2647 902 2710 quam
932 2625 1115 2691 lectionem
1137 2633 1259 2714 postea
1284 2628 1360 2692 Ari·

293 2734 447 2799 starchus
463 2734 602 2822 recepit.
647 2734 752 2814 Haec,
770 2735 808 2798 ni
829 2734 939 2818 fallor,
959 2744 1039 2800 sunt
1062 2737 1188 2819 omnia,
1203 2758 1289 2821 quae
1312 2736 1357 2802 de

296 2842 463 2907 Chaeride
484 2843 522 2907 in
545 2841 682 2907 scholiis
705 2842 823 2907 iliadis
845 2843 1012 2910 feruntur.

403 2951 597 3036 Sequantur
619 2951 728 3036 igitur
751 2951 865 3016 studia
882 2953 1052 3036 Odysseae
1077 2954 1286 3020 carminibus
1302 2977 1359 3020 na·

297 3065 389 3141 vata,
414 3079 557 3143 quorum
579 3059 725 3146 primum
748 3061 970 3148 expediamus
993 3063 1097 3129 schol.
1121 3090 1141 3150 η
1164 3065 1223 3129 8οτ

407 3167 497 3236 ἳκέτο
521 3171 582 3255 (so.
606 3168 755 3256 Athene)
785 3168 832 3249 εἰς
854 3173 1052 3257 Μαραθῶνα
1084 3174 1141 3238 καὶ
1170 3170 1361 3258 εὐρυάγυιαν

512 3273 651 3366 Ἀθήνην

296 3411 362 3474 quo
390 3390 433 3454 de
465 3410 567 3453 versu
600 3387 739 3452 dicitur:
764 3385 991 3454 ὑποπτεύεται
1026 3383 1044 3454 ὁ
1077 3387 1191 3470 τόπος,
1225 3386 1268 3470 ὡς
1301 3389 1361 3456 καὶ

298 3497 421 3581 Χαῖρίς
433 3520 535 3586 φησιν
547 3498 580 3564 ἐν
593 3501 930 3584 διορθωτικοῖς,(]αοο
946 3497 1154 3582 διορθωτικά
1167 3521 1236 3565 non
1252 3499 1361 3564 solum

296 3608 340 3672 ad
364 3607 537 3693 Odysseae
572 3605 845 3686 commentarios
870 3605 930 3671 sed
953 3605 997 3670 ad
1032 3605 1146 3672 omnia
1181 3607 1360 3674 Chaeridis

403 3824 448 3890 24)
468 3822 551 3887 Quae
571 3829 712 3877 secuntur
724 3819 767 3878 ὅτι
783 3821 811 3873 δὲ
830 3831 872 3875 καὶ
888 3829 918 3876 ἐν
936 3821 1021 3878 ἄλλοις
1039 3821 1243 3894 οἷναγνώσιιασιν
1261 3823 1275 3877 ὁ
1290 3823 1361 3897 α’·νὴρ

296 3915 427 3978 τοιοῦτος,
445 3919 606 3985 πραιίποιιεν
619 3912 668 3979 ἤδη
688 3912 726 3966 ad
737 3913 947 3967 Aristarchum
960 3914 1096 3980 referam3
1117 3913 1267 3985 significat
1278 3915 1362 3970 haud

296 4001 385 4056 dubie
405 4002 566 4056 scholiasta
585 4003 676 4058 schol.
695 4003 730 4057 Il.
750 4012 775 4056 ,Β
795 4004 847 4057 150
866 4003 964 4072 (Dind.
984 4005 1005 4070 I,
1024 4007 1067 4070 85,
1076 4007 1105 4074 8)
1123 4007 1188 4072 νῆας
1210 4005 1251 4061 ἐπ’
1268 4006 1361 4062 ἐσσεύ-

300 4114 364 4146 οντο
385 4091 432 4146 οὐκ
449 4091 640 4165 α’ναστρέφειιιι
660 4093 675 4160 ἦ
692 4093 828 4164 πρόθεσις,
843 4092 885 4149 ὅτι
908 4096 1083 4162 evetiam.
1120 4096 1160 4150 διδ
1179 4105 1220 4150 καὶ
1238 4097 1363 4169 ἐλέγσιιεν

297 4190 372 4236 ἕνεκα
396 4183 487 4255 ἑτέρου
520 4193 714 4254 σημαινομένου
743 4185 793 4238 τόν
812 4184 975 4257 Ἀρίσταρχον
1003 4187 1071 4242 κατὰ
1098 4185 1270 4260 ἀναστροφὴν
1298 4187 1361 4240 ‹ivs-

298 4274 427 4346 γνιοκέναι
445 4276 475 4328 τό
494 4275 598 4330 ‘orooro
616 4276 665 4348 γάρ
682 4275 834 4348 Ἡφαίστοιο
853 4278 913 4347 πάρ’
934 4277 1082 4346 οἰσέμεναιῖ
1102 4277 1145 4348 (Il.
1166 4285 1193 4331 Σ
1209 4280 1279 4342 191)
