3156 4966
753 480 928 538 -48-

306 656 445 717 stareho
474 673 552 717 eum
579 653 808 737 posteriorum
841 652 918 718 luce
946 650 1072 717 clarius
1097 650 1247 718 ostendit
1270 650 1372 716 schol.

305 758 388 826 Ι1.Ι
419 759 483 826 605
515 755 722 844 Ἀρίσταρχος
750 759 818 847 ,γὰρ
851 755 925 826 ἄνευ
959 763 1012 826 τεῦ
1037 782 1050 828 1
1074 799 1116 808 -
1141 757 1158 827 ὁ
1186 761 1222 828 δὲ
1252 765 1375 846 Χαῖρις

305 872 443 958 βοηθῶν
466 873 558 957 αὐτῷ
582 892 684 958 φησιν
706 867 772 936 ari.
818 869 952 957 Nempe
974 873 1069 936 vitae
1092 870 1253 958 spatium,
1282 870 1372 956 quod

307 978 467 1062 eruimus,
480 981 615 1044 saeculo
638 978 796 1066 amplius,
812 979 919 1043 minui
934 979 1059 1066 potuit,
1081 981 1111 1045 si
1127 979 1246 1046 Blauio
1263 1001 1373 1046 assen-

211 1163 212 1168 ,
306 1095 469 1171 taremur,
494 1087 695 1154 Chaeridem
717 1088 950 1176 proximorum
971 1088 1163 1154 Aristarchi
1185 1089 1287 1174 gregi
1310 1089 1374 1156 dis·

308 1198 501 1285 cipulorum
522 1185 722 1278 111661611114),
753 1197 788 1262 id
812 1197 902 1282 quod
919 1191 1191 1263 concludendum
1208 1205 1309 1286 putat
1333 1222 1375 1264 ex

309 1307 421 1389 601101,
442 1305 533 1392 quod
556 1305 657 1372 modo
680 1307 858 1372 laudatum
882 1312 943 1389 est,
965 1305 1094 1372 Herod.
1117 1306 1156 1370 Il.
1180 1309 1196 1371 I
1219 1309 1374 1385 60111111

312 1416 453 1482 Chaeris
476 1415 669 1480 Aristarchi
691 1415 799 1480 falsae
822 1415 917 1481 vocis
941 1418 1039 1504 ιιμῇς
1072 1423 1111 1481 ut
1142 1417 1298 1500 genetivi
1321 1441 1374 1484 ex·
1435 1447 1438 1452 ¹

310 1527 491 1614 plicationi
514 1527 684 1588 succurrit
711 1531 746 1588 et
778 1563 821 1572 —
857 1524 948 1608 quod
982 1525 1033 1590 illi
1068 1526 1209 1590 maximi
1236 1525 1374 1591 videtur

309 1655 383 1698 esse
406 1633 572 1697 momenti
594 1672 637 1682 -
660 1656 726 1718 quo
749 1633 808 1697 illo
824 1655 926 1698 versu
942 1634 1139 1721 opinionem
1155 1657 1251 1701 suam
1266 1637 1374 1701 tuitus

310 1742 364 1823 sit,
387 1741 507 1815 refert:
535 1737 552 1808 ὁ
579 1742 615 1808 δὲ
640 1745 763 1831 Χαῖρις
785 1745 921 1830 βοηθῶν
953 1745 1044 1830 αὐτῷ
1080 1767 1191 1830 φησιν,
1223 1741 1278 1812 ὅτι
1302 1745 1374 1811 ἐπι-

310 1847 402 1937 φέρει
425 1850 490 1916 κτὲ.
539 1851 637 1930 Quod
659 1858 901 1938 argumentum
924 1873 1006 1916 num
1029 1874 1065 1916 re
1089 1875 1172 1919 vera
1194 1855 1286 1920 tanti
1308 1877 1376 1920 mo·

311 1959 421 2024 menti
443 1967 505 2038 est,
529 1967 569 2026 ut
593 1960 795 2028 Chaeridem
818 1960 919 2046 gregi
944 1958 1239 2029 Aristarcheorum
1266 1963 1375 2028 iniun-

313 2089 394 2152 gere
418 2074 603 2154 suppetat‘?
632 2071 710 2136 Meo
738 2069 876 2154 quidem
899 2068 1026 2134 iudicio
1062 2093 1080 2135 e
1103 2072 1208 2138 verbo
1232 2075 1376 2160 βοηθῶν,

313 2177 403 2261 quod
424 2177 641 2242 Herodianus
665 2185 809 2266 usurpat
837 2201 899 2266 pro
928 2177 1152 2245 usitatissimo
1182 2201 1376 2268 συγκατατι-

313 2286 451 2370 θέμενος
498 2289 718 2373 (quamquam
766 2289 870 2375 paulo
915 2288 1093 2355 fortiorem
1144 2289 1216 2355 vim
1265 2288 1379 2356 inesse

312 2395 419 2460 verbo
461 2400 600 2484 βοηθεῖν
644 2395 738 2461 haud
783 2397 998 2483 negaverim)
1038 2419 1256 2483 nequaquam
1301 2420 1379 2464 con·

308 2503 432 2589 ficitur,
454 2512 494 2572 ut
528 2510 646 2572 noster
667 2505 860 2574 Aristarchi
894 2507 1081 2593 discipulus
1109 2505 1226 2573 fuerit.
1280 2507 1375 2572 Fieri

312 2636 427 2680 nonne
451 2614 593 2682 cottidie
618 2613 713 2698 solet,
737 2622 777 2682 ut
800 2617 971 2704 quispiam
994 2616 1135 2682 alterius
1170 2619 1378 2680 sententiam

313 2725 511 2810 comprobet
533 2724 590 2790 vel
614 2725 720 2790 etiam
742 2729 779 2790 in
801 2731 906 2792 verba
930 2727 1106 2792 cuiusdam
1141 2726 1239 2806 iuret,
1263 2747 1377 2810 quam-

312 2832 528 2918 quamlonge
541 2835 648 2916 abest,
661 2834 810 2901 utilium
826 2834 1031 2918 magistrum
1050 2833 1230 2900 habuerit?
1263 2833 1374 2899 Immo

312 2963 393 3006 vero
417 2942 569 3007 dubitari
591 2942 681 3023 lieet,
717 2942 800 3027 quin
829 2943 966 3008 Chaeris
989 2943 1228 3008 Aristarchum
1261 2943 1378 3030 ipsum

312 3051 524 3136 cognoverit.
569 3052 648 3116 Huc
672 3050 814 3134 accedit,
838 3051 929 3136 quod
952 3076 1029 3119 eum
1053 3075 1187 3139 quoque
1202 3051 1377 3117 interdum

312 3159 355 3224 ab
379 3160 471 3226 illius
493 3159 621 3227 iudicio
645 3159 867 3225 dissidentem
892 3161 1095 3229 offendimus
1118 3161 1274 3228 velutin
1296 3161 1376 3226 Did.

311 3269 628 3336 60110111.Βὸ65.
675 3272 788 3354 Atque
817 3271 922 3336 etiam
960 3272 1105 3338 alterum
1127 3270 1243 3335 Blauii
1277 3291 1378 3354 argn-

310 3376 809 3466 111611111111,001101.Ο(1.η80,
839 3378 883 3443 ad
917 3381 1172 3467 persuasionem
1206 3401 1268 3465 per
1302 3399 1376 3444 sese

311 3510 432 3575 parum
456 3495 509 3554 est
532 3487 793 3554 accomodatum
817 3510 855 3554 ac
878 3488 977 3554 futile
1000 3489 1210 3573 irritumque,
1237 3489 1309 3552 sine
1324 3490 1377 3553 ira

312 3603 347 3662 et
370 3596 484 3664 studio
510 3620 588 3665 eum
610 3597 830 3663 lectitaveris.
876 3598 981 3664 Hisce
1016 3599 1058 3663 de
1082 3599 1193 3664 causis
1218 3597 1377 3663 Blauium

311 3706 438 3772 iniuria
462 3707 663 3772 Chaeridem
685 3729 748 3794 pro
772 3706 964 3773 Aristarchi
988 3706 1155 3794 discipulo
1178 3705 1377 3771 venditasse

311 3815 396 3880 mihi
418 3838 620 3903 persuasum
643 3823 705 3897 est,
728 3838 832 3900 quam
855 3817 899 3882 ob
922 3839 991 3882 rem
1023 3817 1128 3882 istum
1152 3816 1287 3882 saeculo
1309 3817 1376 3903 pri·

310 3946 366 3989 mo
389 3947 420 3990 a.
444 3924 520 3990 Chr.
546 3926 658 3991 vitam
682 3925 818 4010 degisse
842 3928 926 3990 satis
949 3925 1073 3992 habeo,

417 4036 491 4099 Iam
514 4035 658 4099 alteram
681 4035 927 4120 quaestionem,
952 4057 1040 4120 quae
1072 4035 1115 4100 ad
1142 4035 1250 4100 vitam
1275 4037 1377 4101 Chae-

310 4141 393 4206 ridis
418 4150 563 4230 spectat,
587 4143 706 4230 paucis
731 4144 908 4210 absolvere
932 4144 1040 4210 lubet:
1072 4143 1200 4228 Agitur
1215 4144 1257 4210 de
1273 4143 1377 4230 Apol-

383 4256 482 4353 A]
502 4302 525 4340 c.
544 4303 571 4356 p.
591 4287 635 4340 57.
