3156 4966
745 467 920 526 ..46-

302 635 412 720 αὗτοῦ,
448 633 493 717 ὥς
515 662 551 705 τε
573 637 608 706 ἐκ
632 641 825 727 περιουσίας
848 637 950 720 καὶθῖ)
985 636 1300 732 λπποτροφῆσαι·63)
1325 634 1370 718 ὡς

301 738 357 814 οὖν
379 737 472 827 οὗτος
489 745 642 815 ἔπαθλον
665 735 780 815 πόνων
802 747 943 835 ἔλαβεθί)
967 746 1027 836 τήν
1048 747 1258 838 ἐπιφάνειαν,
1283 743 1368 815 σάτον

301 856 358 924 καὶ
379 853 543 948 Ἡρακλῆς
577 855 684 924 πολλὰ
719 856 980 946 ταλαιπωρήσας
1003 855 1155 923 ἔπαθλον
1170 855 1287 942 ἔσχεθῧ)
1311 856 1370 948 τήν

302 961 492 1032 ἀθανασίαν
513 963 613 1050 καὶθθ)
637 965 698 1033 τὸν
720 966 828 1052 γάμον
846 969 903 1056 της
920 961 1035 1056 Ἥβης.

405 1073 454 1140 of.
478 1074 575 1141 Pind.
601 1075 653 1140 ed.
677 1075 812 1158 Dissen,
834 1100 869 1164 p.
894 1076 969 1143 357.

604 1257 636 1341 ο)
659 1253 711 1319 ad
734 1255 1065 1344 Aristophanem.

808 1438 863 1503 21.

405 1542 521 1610 Sohol.
545 1545 645 1631 Vesp.
671 1544 737 1607 674
763 1543 882 1629 (Didot
904 1568 937 1633 p.
965 1547 1053 1630 150):

404 1650 440 1718 ἐκ
462 1650 635 1742 κηθαρίου]
672 1657 714 1718 τά
737 1651 903 1720 ἐκπέταλα
927 1654 1073 1742 τρύβλια,
1108 1647 1159 1742 ἃῙ)
1185 1646 1369 1742 Εὐφρόνιος

301 1761 408 1850 κήθια
419 1759 540 1847 μικρὸν
554 1753 609 1828 οὖν
624 1765 786 1851 ῥοφοῦντα
798 1761 833 1829 ἐκ
850 1764 1001 1849 τροβλίου
1015 1766 1072 1833 καί
1089 1757 1368 1854 τρωγαλίζονταλ)

302 1861 372 1938 οἷον
393 1868 533 1956 κυάμους
555 1869 612 1939 καὶ
642 1865 707 1937 δ’σα
723 1873 871 1938 τοιαῦτα.
901 1867 958 1941 οὐκ
978 1875 1050 1942 ἔστι
1073 1875 1118 1958 δι’,
1148 1871 1216 1942 ἀλλ’
1242 1856 1369 1957 ἀγγεῖον

302 1979 451 2062 πλεκτὸν,
475 1977 523 2059 εἰς
547 1975 568 2047 ά
590 1979 650 2059 τὰς
673 1978 806 2073 ψήφους
829 1987 983 2067 καθιᾶσι,
1014 1981 1053 2051 τά
1078 1982 1209 2076 κήθιον,
1232 1971 1302 2048 οἷον
1325 1972 1370 2056 ὡς

302 2083 372 2155 άπό
399 2089 455 2156 τοῦ
480 2094 693 2178 ψηφηφοριῖν
714 2090 854 2176 μόνονίί)
877 2101 934 2158 καί
961 2092 1084 2178 Χαῖρις
1112 2091 1148 2158 δὲ
1184 2089 1221 2157 τὸ
1247 2086 1369 2182 κήθιον

302 2196 453 2284 τρυβλίον
473 2223 507 2265 τι
530 2191 627 2276 εἶδος.

806 2349 865 2414 22.

408 2451 522 2518 Schol.
545 2451 635 2518 Rau.
663 2453 747 2520 1028
771 2455 888 2539 (Didot
910 2480 944 2543 p.
968 2456 1035 2522 303
1058 2455 1140 2540 sq.):

406 2559 522 2650 ἐχάρην
540 2563 615 2647 γοῦν
648 2556 733 2651 ἡνίκ’
757 2559 881 2655 ἤκουσα
916 2565 995 2650 περὶ
1017 2561 1160 2649 Δαρείου
1187 2561 1369 2637 τεθνεῶτος

409 2671 533 2752 Χαῖρις
565 2670 631 2758 (δέ)
665 2696 748 2760 φησι
783 2673 821 2742 τὸ
859 2673 1003 2760 Δαρείου
1036 2669 1110 2740 άντί
1145 2673 1202 2738 τοο
1238 2666 1369 2752 Ξέρξου·

302 2778 441 2867 σάνηθες
464 2778 523 2864 γάρ
547 2786 618 2859 τοῖς
641 2788 798 2870 ποιηταῖς
832 2783 979 2852 ἐπὶτῶν
1008 2781 1087 2850 υἱοῖν
1111 2785 1181 2858 τοῖς
1215 2779 1281 2844 τάν
1303 2800 1370 2841 πα-

302 2888 402 2975 τέρων
426 2882 566 2972 ὀνόμασι
589 2893 745 2978 χρῆσθαι.

408 3001 458 3062 De
480 2997 566 3080 1000,
588 3019 655 3082 quo
677 3000 792 3066 nullus
814 3001 887 3068 fere
909 3005 946 3067 in
969 3001 1033 3066 hac
1056 2997 1233 3066 comoedia
1256 3000 1371 3061 exstat

302 3106 484 3189 difficilior,
517 3105 688 3183 uberrime
718 3108 793 3194 egib
814 3110 1024 3177 Fritzsohius
1058 3108 1095 3173 in
1118 3106 1199 3173 edit.
1222 3105 1312 3170 Ran.
1334 3127 1369 3192 p.

301 3216 488 3282 331-335.
523 3213 609 3303 ἡνίκ’
633 3207 756 3304 ἤκουσα
780 3220 877 3286 codd.
906 3219 1075 3309 plerique3
1107 3239 1177 3283 non
1199 3213 1283 3280 nulli
1306 3235 1369 3300 pro

301 3321 423 3413 ήκουσα
446 3325 576 3390 habent
600 3319 804 3415 ἀπηγγέλθη.
827 3330 867 3416 τῇ
891 3326 1088 3406 νικάκοάσας
1111 3323 1204 3412 παρὰ
1227 3319 1372 3408 Δαρείου

301 3433 481 3516 Fritzsehe,
505 3454 575 3499 van
590 3433 762 3499 Leeuwen
783 3433 892 3520 (παρὰ
913 3435 982 3500 iam
998 3448 1077 3501 ante
1092 3433 1198 3500 scribi
1212 3432 1373 3499 voluerat

407 3629 451 3686 62)
470 3621 505 3685 ὥς
522 3649 551 3680 τε
568 3635 611 3680 καί
628 3633 656 3680 ἐκ
674 3650 702 3683 π.
721 3635 762 3680 καί
781 3627 815 3683 V.

405 3718 450 3781 63)
468 3715 563 3787 ίποτρ.
583 3717 620 3780 Ζ,

407 3810 452 3873 64)
468 3811 548 3876 ἔλαβε
566 3807 659 3862 πόνων
677 3809 730 3863 BD
749 3807 814 3864 edd.

408 3902 452 3966 65)
468 3902 534 3969 ἔσχε]
555 3898 631 3967 ἔλαβε
650 3899 713 3964 ῨΖ,

407 3994 452 4058 66)
470 3998 511 4044 καὶ
531 4008 587 4045 om.
606 3990 643 4046 U.

425 4085 452 4143 1)
470 4079 487 4136 ἃ
506 4098 562 4137 om.
582 4081 609 4136 V
628 4083 646 4136 i.
667 4099 691 4141 ε,
710 4083 813 4137 Venet.
833 4080 923 4136 Maro.
943 4085 1005 4137 674.

425 4177 452 4240 2)
473 4174 670 4244 τρανιιιιλίζουτα
690 4172 725 4226 V.

423 4267 449 4330 3)
469 4264 513 4317 sic
531 4263 601 4327 Ald5
623 4284 644 4333 υ·
663 4255 714 4320 σίν
731 4261 817 4333 μόνον
837 4263 870 4318 V.
