3156 4966
685 501 860 560 -55-

247 677 406 764 γίγνωσκε
434 676 620 760 περισπῶν,
643 674 692 741 ἔτι
709 673 746 741 δὲ
763 674 820 740 καὶ
844 673 884 740 τὸ
909 670 1045 739 πάντων
1067 671 1124 738 καί
1147 670 1235 737 λάων
1257 671 1312 738 καί

247 786 346 852 τίνων
380 819 422 833 -
457 783 576 850 eadem
609 784 667 850 vel
696 783 855 849 similiter
884 782 954 848 iam
986 787 1067 848 ante
1093 781 1311 868 Pamphilum

246 895 410 961 videntur
454 892 624 958 iudicasse
663 892 801 959 Diocles
840 897 876 957 et
913 891 1097 974 Dionysius
1134 891 1258 956 Thrax.
1267 889 1311 972 18)

248 1003 368 1068 Casius
392 1007 508 1068 autem
531 1002 680 1068 mediam
702 1002 796 1067 viam
819 1001 990 1085 ingressus
1016 1001 1185 1086 barytona
1201 1000 1313 1087 accipi

247 1111 357 1176 voluit
378 1118 492 1196 genet.
505 1112 591 1199 plur.
605 1110 766 1198 stirpium
781 1110 1092 1196 monosyllabarum
1107 1112 1143 1173 in
1158 1108 1313 1174 vocalem

247 1218 485 1302 desinentium,
524 1227 564 1286 ut
601 1220 723 1305 Τρώων
760 1217 880 1302 δμώων
901 1220 992 1285 λάων
1015 1225 1105 1301 cett,
1137 1218 1173 1282 in
1198 1239 1313 1283 conso-

247 1333 386 1393 nantem
411 1339 573 1396 exeuntes
597 1329 838 1417 perispomena
869 1334 908 1393 ut
938 1332 1052 1417 θηρῶν
1078 1331 1181 1394 κυνῶν
1199 1327 1312 1414 χηνῶν,

252 1437 311 1502 sed
334 1438 452 1504 statim
476 1438 591 1505 eodem
616 1437 720 1503 schol.
748 1436 920 1502 relabatur
946 1431 1130 1503 ἀντίκειται
1161 1435 1196 1502 δὲ
1227 1429 1314 1521 αἰτῶ

251 1544 288 1612 τί
315 1544 451 1612 παίδων
473 1548 530 1614 καὶ
554 1547 699 1613 πάντων.
745 1548 866 1630 Itaque
890 1545 1028 1612 Chaeris
1052 1545 1227 1610 ‘sermonis
1252 1545 1315 1608 for·

246 1678 379 1721 marum
410 1655 653 1743 multiplicium
682 1656 781 1743 copia
810 1662 985 1740 tamquam
1017 1655 1157 1721 territus
1167 1653 1209 1739 ¹9)
1237 1675 1314 1719 ano·

247 1764 387 1828 maliam
411 1766 587 1851 amplexus
612 1764 738 1829 statuit
776 1759 833 1830 οἰκ
856 1757 942 1830 εἶναι
965 1762 999 1830 ἐν
1021 1763 1233 1845 ὄιοίλλάβαις
1253 1761 1312 1845 (sc.

249 1872 435 1958 genetivis)
471 1870 653 1958 ἀναλογίαν.
713 1875 754 1937 In
781 1873 835 1938 his
858 1872 1079 1939 vehementer
1101 1870 1230 1937 erravit
1251 1870 1314 1934 Lo·

250 1980 394 2047 beokius
416 1981 437 2046 l.
462 2005 491 2049 c.
515 1980 638 2046 Parall.
662 2003 771 2067 gram.
796 1982 855 2047 Gr.
879 2005 913 2069 p.
940 1983 1012 2063 121,
1034 1981 1095 2048 ubi
1118 1979 1314 2066 Tryphonis

247 2091 336 2156 libro
371 2090 449 2175 περὶ
477 2094 535 2182 τῆς
570 2089 604 2156 ἐν
635 2089 891 2175 μονοσυλλάβοις
921 2087 1095 2176 ἀναλογίας
1125 2095 1314 2154 memorato

249 2203 297 2266 sic
319 2200 452 2287 pergit:
477 2198 520 2263 In
543 2197 648 2264 schol.
671 2199 714 2267 N.
730 2200 802 2281 103,
818 2200 879 2265 ubi
896 2204 1058 2266 accentus
1075 2185 1314 2283 genetivorum

250 2306 350 2374 θώων
373 2305 508 2374 παίδων
530 2315 594 2374 etc.
620 2308 841 2395 disceptatur,
870 2315 1044 2397 postrema
1066 2307 1172 2374 verba
1194 2343 1238 2354 -
1260 2327 1314 2370 res

248 2419 325 2504 ipsa
347 2418 561 2483 demonstrat
584 2417 632 2484 sic
657 2418 839 2484 scribenda
868 2441 942 2484 esse
965 2418 999 2484 ἑν
1021 2422 1091 2496 ταῖς
1113 2413 1314 2499 μονοσυλλά-

250 2532 332 2608 βοις,
365 2531 425 2590 aut
453 2532 544 2592 certe
572 2527 764 2612 significari
790 2527 1035 2593 inclinamenta
1065 2526 1314 2610 monosyllabo·

250 2633 345 2699 rum!
369 2633 496 2700 Noster
518 2657 609 2717 ver0,
633 2643 673 2701 ut
687 2636 868 2702 Lerschius
890 2637 913 2704 l.
930 2660 960 2704 o.
984 2636 1126 2716 monuit,
1150 2655 1220 2698 non
1242 2638 1314 2698 tam

251 2741 293 2805 de
317 2741 461 2806 vocibus
485 2745 731 2831 monosyllabis
755 2746 952 2811 summatim
975 2743 1133 2829 loquitur,
1147 2765 1249 2827 quam
1272 2743 1314 2808 de

251 2851 490 2935 genetivorum
513 2852 614 2919 huius
638 2859 773 2940 generis
796 2855 925 2938 formis,
953 2854 996 2919 de
1020 2852 1143 2937 quibus
1167 2859 1314 2918 tantum·

251 2959 352 3026 modo
377 2959 566 3027 inacholiis
578 2962 704 3048 agitur.
723 3002 759 3013 -
779 2963 876 3030 Idem
888 2962 1009 3030 dcindc
1031 2963 1067 3026 in
1084 2983 1120 3026 re
1135 2960 1315 3048 prosodioa

251 3069 288 3132 in
326 3071 562 3136 testimonium
596 3079 740 3138 vocatur
774 3071 879 3138 schol.
914 3071 953 3136 Il.
986 3071 1028 3135 Β.
1063 3070 1125 3136 311
1154 3071 1268 3154 (Dind.
1299 3073 1314 3134 I

249 3202 284 3265 p.
311 3179 382 3262 100,
395 3179 452 3265 30)
477 3182 673 3269 στρουθοῖο]
698 3178 741 3249 uis
764 3177 834 3248 ἀπὸ
861 3176 1016 3264 ὀξυτόνων
1038 3179 1172 3258 εὐθείας
1195 3175 1215 3271 ἡ
1239 3175 1313 3245 ἀνά-

250 3310 379 3372 γνωσις.
429 3287 569 3372 Χαίριδι
594 3289 630 3356 δὲ
652 3282 767 3378 ἤρεσκε
789 3289 950 3374 βαρΰνειν,
984 3288 1041 3354 καί
1064 3285 1147 3366 ἰὀως
1170 3286 1244 3353 ἐπεὶ
1273 3286 1314 3352 τὰ

251 3391 299 3472 εἰς
320 3387 385 3473 θος
406 3393 546 3482 λήγοντα
569 3397 753 3484 desid-ludu
775 3401 939 3488 μονογενῆ,
956 3396 1056 3483 φίνοει
1077 3399 1188 3484 μακρᾷ
1211 3421 1314 3480 παρα-

251 3500 412 3589 ληγόμενα
434 3502 617 3587 ἐβαρύνετο,
642 3507 772 3588 Ξοῦθος
794 3509 909 3597 Ζῆθος
931 3503 988 3572 καὶ
1010 3507 1117 3587 μῦθος
1139 3501 1204 3583 usi,
1228 3525 1314 3588 quae

252 3610 354 3676 valde
377 3610 498 3678 mutila
512 3635 703 3700 parumque
724 3623 884 3683 accurata
899 3613 1117 3680 Herodianus
1131 3613 1206 3700 ipse
1220 3635 1314 3701 prae-

252 3720 312 3785 bet
333 3720 371 3784 in
394 3721 555 3808 prosodia
578 3723 747 3789 catholica
768 3725 825 3807 (L.
847 3727 864 3790 I
886 3748 921 3811 p.
948 3723 1020 3804 144,
1034 3722 1079 3806 9),
1108 3743 1262 3806 quaeque
1285 3722 1315 3787 si

252 3829 482 3912 emendemus,
505 3831 606 3897 nobis
629 3832 791 3900 subvenit
813 3833 965 3900 eiusdem
988 3830 1206 3917 grammatici
1227 3830 1315 3894 liber

255 3937 334 4023 περὶ
357 3964 428 4021 μον.
453 3938 516 4018 λέξ.
539 3940 592 4022 42,
610 3941 650 4005 15
674 3940 723 4027 (L.
748 3943 783 4006 II
810 3963 844 4028 p.
868 3941 1019 4023 muto),
1054 3938 1145 4004 unde
1178 3938 1314 4003 Atticos

231 4171 234 4176 Ι
361 4098 403 4167 18)
423 4059 535 4152 Scholii
554 4097 646 4152 verba
663 4099 822 4154 admodum
845 4105 988 4170 corrupta
1010 4098 1158 4167 praeclare
1181 4098 1315 4151 restituit

252 4185 425 4243 Leuc-Ars
440 4205 468 4260 p.
488 4190 549 4258 250,
568 4188 604 4244 cf.
624 4189 715 4243 etism
732 4187 808 4242 Blau
827 4187 846 4241 l.
866 4205 890 4241 c·
909 4207 936 4260 p.
956 4191 992 4246 et
1011 4188 1076 4243 adn.
1097 4192 1122 4244 3.

360 4280 404 4350 19)
422 4278 499 4334 Blau
517 4278 536 4336 l.
556 4296 579 4333 c.
599 4297 627 4349 p.
647 4281 689 4334 58.
