3156 4966
712 485 891 542 -30..

271 659 460 728 Aristarchi
483 655 672 722 sententias
694 655 799 722 miras
824 655 1007 723 admodum
1031 657 1085 736 (de
1109 657 1231 742 quibus
1248 659 1336 724 Lud-

270 767 431 833 wichium
454 765 572 830 videas
595 769 610 848 )
632 765 731 831 nobis
755 787 1042 833 commemorasse
1065 767 1225 834 sufficiat.
1271 769 1336 834 Sed

272 876 404 956 Chares,
435 874 477 941 de
502 896 568 960 quo
591 875 648 940 ille
673 897 786 942 rerum
815 876 982 964 scriptore
1006 877 1192 943 Alexandri
1215 877 1336 964 Magni

264 984 445 1071 cogitatlss)
471 990 506 1049 et
519 983 728 1071 Critolausll)
753 983 835 1069 quid
853 985 1026 1052 voluerint
1049 1009 1067 1050 e
1090 994 1188 1052 textu
1204 991 1334 1071 etymo·

271 1095 342 1179 logi
365 1094 474 1182 primo
498 1100 687 1182 conspectu
709 1093 802 1159 haud
825 1094 912 1160 satis
936 1094 1166 1180 cognoscitur.
1213 1101 1259 1160 At
1282 1119 1335 1161 ne·

272 1205 409 1286 minem,
435 1203 493 1289 qui
516 1209 585 1270 tres
608 1203 795 1269 lexicorum
819 1202 951 1288 glossas
983 1209 1116 1269 attente
1140 1205 1335 1292 perlegerit,

273 1313 420 1400 effugere
449 1319 565 1401 potest
588 1312 730 1378 alteram
759 1336 800 1378 ex
835 1313 944 1378 altera
978 1312 1226 1380 emendandam
1250 1335 1351 1406 essa„

271 1421 320 1486 ita
342 1425 382 1488 ut
405 1418 531 1487 Chares
555 1421 793 1507 Critolausque
818 1423 991 1488 voluerint
1012 1422 1194 1490 formulam
1218 1413 1283 1513 ἧδ’
1298 1419 1335 1502 ὃς

269 1529 360 1594 idem
370 1529 566 1615 significare
576 1553 616 1596 ac
629 1531 844 1596 tantumdem
855 1534 970 1598 valere
981 1531 1071 1618 quod
1083 1531 1265 1620 scaenam)
1275 1532 1335 1598 alii

227 1693 229 1699 .
270 1639 372 1718 (inter
394 1639 456 1706 hos
479 1639 625 1706 fortasse
654 1640 745 1707 idem
769 1641 952 1723 Critolaus)
980 1640 1094 1706 nescio
1130 1662 1196 1726 quo
1219 1648 1332 1728 pacto,

271 1739 297 1814 ὦ
321 1746 406 1838 φίλε.
454 1750 501 1814 Et
523 1749 634 1816 simile
650 1751 797 1816 sensisse
820 1730 958 1816 videtur
980 1750 1129 1844 Dielsius
1152 1748 1174 1817 l.
1192 1773 1231 1833 c.,
1256 1773 1333 1816 cum

269 1858 406 1950 puriore
431 1861 539 1925 forma
562 1860 678 1946 Etym.
704 1863 758 1942 M„
782 1883 869 1946 quae
892 1865 1006 1925 exstat
1028 1860 1065 1922 in
1087 1858 1257 1926 Vaticano
1280 1883 1331 1928 nr.

272 1969 367 2052 1818,
400 1990 441 2033 ex
464 1969 728 2034 Reitzensteinii
761 1970 943 2037 collatione
980 1968 1097 2036 addita
1121 2018 1128 2033 .
1155 2021 1162 2036 .
1187 2020 1194 2034 .
1219 2020 1226 2034 .
1252 1972 1332 2056 παρ’

270 2070 359 2166 ὃδὴ
390 2073 582 2162 Ἕρμιππος
615 2078 672 2146 καὶ
698 2075 907 2167 Ἀρίσταρχος
940 2074 1015 2144 ἀντὶ
1050 2079 1107 2145 τοῦ
1137 2077 1200 2167 ἔφη
1225 2079 1260 2146 dd
1284 2077 1330 2159 ὅς.

270 2182 383 2274 Χάρης
406 2187 442 2253 δὲ
465 2188 522 2254 καὶ
541 2187 732 2273 Κροτόλαος
748 2188 822 2276 (sic)
847 2185 920 2255 ἀντὶ
945 2190 1001 2254 τοῦ
1024 2186 1154 2274 ἔφασαν
1177 2189 1233 2256 καὶ
1258 2191 1331 2258 ἀντὶ

269 2298 327 2362 τοῦ
349 2289 375 2362 oi
399 2293 476 2382 φίλε
500 2295 685 2384 σημαίνειν·
713 2297 915 2384 διελέγχεται
940 2295 976 2362 δὲ
994 2293 1060 2362 ὑπὸ
1087 2295 1254 2365 πλειόνων
1275 2298 1331 2367 ari

269 2405 412 2471 diceret:
438 2407 502 2471 ‘Ex
526 2405 740 2472 Bachmanni
774 2408 883 2473 lexico
918 2428 988 2471 non
1020 2404 1130 2471 minus
1165 2429 1267 2493 quam
1290 2432 1332 2474 ex

269 2514 463 2600 etymologo
486 2514 706 2581 manifestum
718 2515 759 2580 fit
782 2524 978 2603 corruptam
1002 2520 1082 2578 ante
1103 2515 1221 2584 Photii
1243 2524 1331 2584 aeta-

267 2629 339 2689 tem
355 2623 585 2712 compluribus
600 2625 684 2691 locis
696 2625 779 2708 sive,
803 2625 893 2711 quod
910 2623 1021 2709 magis
1045 2622 1190 2706 credam,
1215 2624 1331 2714 inepte

268 2739 480 2798 contractam
504 2755 576 2800 esse
598 2734 793 2800 ubertatem
822 2733 1035 2824 exemplaris,
1063 2729 1154 2825 quod
1177 2731 1226 2798 sic
1249 2732 1330 2798 olim

158 2889 160 2894 -
269 2849 472 2930 conceptum
512 2843 618 2908 fuisse
657 2845 825 2932 suspicor:
868 2842 981 2930 Χάρης
1004 2841 1040 2908 dd
1077 2840 1135 2907 καὶ
1165 2835 1239 2908 ἀντὶ
1275 2847 1330 2910 τοῦ

268 2950 396 3039 ἔφασαν
424 2948 749 3036 παραλαμβάνεσθαί
772 2974 873 3039 φησιν
897 2999 1036 3018 .....
1060 2949 1117 3016 καὶ
1144 2945 1331 3031 Κριτόλαος

268 3064 363 3127 τοῦτο
388 3052 427 3126 ’ὦ
451 3059 537 3147 cpit?
562 3058 749 3146 σημαίνειν
784 3058 984 3144 διελέγχεται
1005 3061 1041 3125 δὲ
1067 3053 1134 3124 ὑπὸ
1158 3054 1327 3138 πλειόνων,

267 3171 305 3234 in
339 3191 405 3255 quo
440 3169 514 3236 viro
548 3172 648 3236 docto
681 3170 723 3236 de
759 3170 901 3235 Charete
943 3169 1082 3234 omnino
1113 3165 1328 3232 assentimus:

268 3279 336 3345 Sed
375 3285 415 3344 ut
439 3277 579 3344 Critolai
607 3277 805 3366 opinionem
846 3300 928 3343 sane
966 3276 1145 3343 mirificam
1182 3281 1329 3362 praeter·

266 3391 453 3470 mittemus
466 3387 619 3454 Charetis
643 3388 836 3454 doctrinam
861 3378 891 3476 ζἦ
916 3388 947 3452 δ’
965 3381 1010 3465 ὅς’
1024 3382 1098 3451 ἀντὶ
1111 3387 1168 3453 τοῦ
1179 3385 1328 3474 (ἔφασαν

268 3505 361 3564 certe
384 3497 595 3564 verissimam
618 3519 660 3562 ex
684 3495 887 3584 corruptelis
912 3496 1068 3562 elicuisse
1091 3498 1268 3560 laetamur.

374 3607 442 3674 Sed
465 3607 508 3673 ad
531 3607 661 3674 exitum
677 3606 818 3672 huiusce
844 3604 968 3692 capitis
978 3603 1208 3693 pervenimus.
1232 3603 1328 3669 Haec

374 3830 418 3892 16)
437 3827 572 3899 Mueller,
591 3827 711 3899 Scriptt.
731 3843 785 3882 rer.
806 3825 890 3881 Alex.
909 3825 949 3882 M.
960 3842 988 3897 p.
1002 3827 1062 3886 114.

373 3920 418 3982 17)
438 3919 506 3974 Sive
534 3919 675 3992 ignobilis
702 3914 823 3986 quidam
840 3918 1050 3986 grammaticus
1077 3921 1124 3971 est
1151 3915 1214 3971 sive
1233 3913 1327 3986 philo-

269 4010 381 4081 sophus
400 4016 501 4066 sectae
519 4009 736 4082 peripateticae
755 4005 901 4074 addictus,
921 4007 971 4079 qui
989 4025 1056 4063 cnm
1065 4007 1200 4073 Diogene
1220 4013 1249 4061 et
1260 4006 1327 4061 Car-

266 4100 362 4156 neade
392 4091 539 4157 celebrem
569 4101 652 4155 illam
680 4099 718 4154 ad
745 4097 898 4154 Romanos
925 4098 1105 4170 legationem
1136 4096 1211 4152 obiit
1229 4114 1255 4152 a.
1277 4097 1328 4154 155

267 4209 292 4252 a.
314 4191 381 4247 Chr.
401 4209 429 4248 v.
449 4191 558 4252 Christ.
578 4190 597 4246 l.
611 4193 759 4262 cappro.

375 4285 417 4352 18)
436 4283 588 4351 Ludwich‚
609 4284 625 4336 1.
640 4301 666 4340 c.
684 4299 713 4353 p.
732 4283 784 4336 443
