3156 4966
647 498 820 554 -23·-

196 670 250 734 Ex
275 691 361 735 rece.
385 667 510 736 deinde
534 669 622 734 conf.
646 669 751 752 Diels,
774 669 796 736 l.
821 691 850 733 c.
874 669 987 734 Herm.
1005 669 1120 734 XXVI
1144 666 1260 753 (1891)

195 801 229 865 p.
254 780 318 842 252
342 777 420 846 adn.
735 801 736 808 ¹
765 773 769 829 ¹.

302 961 496 1039 Antequam
520 951 701 1040 adipsum,
726 954 816 1038 quod
839 954 938 1019 nobis
961 952 1174 1042 propositum
1199 957 1259 1031 est,

195 1063 395 1130 accedamus
412 1062 635 1148 Charetisque
651 1062 869 1148 grammatici
884 1063 997 1128 studia
1008 1083 1261 1150 persequamur,

195 1192 264 1234 non
288 1171 435 1236 otiosum
465 1178 518 1236 est
540 1172 743 1252 discernere,
778 1194 860 1237 num
895 1170 1039 1236 eundem
1073 1171 1260 1235 habeamus

195 1287 298 1364 atque
332 1280 512 1368 Apollonii
539 1280 668 1347 Rhodii
708 1281 924 1369 discipulum,
962 1284 1058 1346 cuins
1095 1281 1260 1345 librorum

195 1389 272 1476 περὶ
297 1389 450 1475 ἱστοριῶν
465 1387 683 1457 Ἀπολλωνίου
705 1389 863 1455 meminit
886 1389 991 1455 schol.
1011 1391 1123 1478 Apoll.
1146 1389 1259 1454 Rhod.

193 1500 235 1580 ll,
263 1501 355 1584 1052,
377 1499 439 1566 ubi
454 1499 579 1566 Chares
595 1498 734 1586 quidam
752 1496 968 1566 Ἀπολλωνίου
983 1499 1142 1586 γνώριμος
1156 1499 1261 1564 nomi-

194 1615 306 1676 natur.
353 1613 465 1694 Atque
497 1607 643 1674 eundem
678 1608 857 1674 Charetem
879 1609 986 1675 latere
1020 1607 1124 1674 schol.
1148 1606 1260 1694 Apoll.

194 1717 307 1786 Rhod.
331 1719 388 1794 IV,
417 1719 502 1783 1470
527 1717 770 1783 Susamihlinm
796 1724 890 1784 recte
918 1721 1134 1806 perspexisse
1161 1714 1282 1782 nobis·

193 1826 262 1892 iam
294 1834 440 1894 constat.
500 1825 566 1892 Sed
601 1825 792 1908 Charetem,
828 1848 929 1911 quem
963 1849 1052 1891 nunc
1087 1823 1262 1912 Apollonii

194 1940 400 2002 sectatorem
424 1934 658 2020 cognovimus,
683 1935 821 2022 penitus
844 1934 906 2000 uni
927 1935 987 2016 rei,
1011 1933 1170 2018 magistri
1192 1953 1260 1996 car-

194 2042 355 2126 minibus
380 2044 533 2110 deditum
549 2043 653 2109 fuisse
672 2042 764 2109 haud
780 2043 941 2110 credibile
954 2043 1100 2110 videtur.
1139 2046 1260 2129 Itaque

195 2173 399 2239 quamquam
423 2154 486 2220 tali
513 2161 674 2240 computo
709 2152 869 2239 graviora
897 2160 1100 2238 argumenta
1128 2157 1260 2237 desunt,

193 2283 263 2328 non
280 2261 408 2344 dubito,
425 2263 510 2350 quin
522 2262 647 2328 Chares
664 2261 917 2348 grammaticus
934 2261 1082 2348 scriptor
1096 2262 1259 2328 librorum
1320 2246 1325 2256 ¹

194 2369 271 2456 περὶ
295 2376 531 2464 γραμματικῆς,
556 2372 598 2436 de
622 2393 689 2457 quo
712 2394 803 2436 nuno
827 2373 937 2436 actiui
960 2393 1085 2452 sumna,
1112 2394 1260 2459 praeser-

197 2478 261 2544 tim
286 2502 362 2545 cum
387 2482 538 2548 eiusdem
562 2479 716 2546 definitio
733 2479 978 2566 grammaticae
1001 2502 1165 2566 perquam
1180 2503 1262 2568 prae

195 2608 230 2650 se
252 2587 341 2654 ferat
356 2589 506 2675 vestigia
521 2589 654 2677 prioris,
678 2610 800 2674 nempe
818 2589 994 2676 Apollonii
1017 2589 1147 2671 aetatis,
1169 2588 1261 2656 idem

194 2693 240 2759 sit
262 2703 364 2780 atque
380 2697 472 2764 illius
489 2697 710 2763 historiarum
727 2697 873 2785 scriptor
894 2722 933 2763 ac
949 2699 1094 2764 fortasse
1111 2699 1260 2783 Critolai,

193 2809 233 2869 ut
273 2805 422 2886 videtur,
464 2805 662 2894 philosophi
704 2805 796 2872 illius
837 2809 1071 2897 peripatetici,
1114 2831 1260 2894 quocum

193 2917 308 3000 glossa
331 2913 517 2980 lexioorum
541 2937 568 2980 e.
592 2937 624 2981 v.
649 2907 670 3008 ἦ
694 2911 765 2995 δ’ὅς
787 2939 865 2981 eum
889 2917 1083 2983 consentire
1106 2917 1262 2984 videmus

194 3022 247 3107 (in
270 3046 337 3109 quo
361 3021 505 3094 offendit
527 3023 671 3090 Blauius
694 3025 716 3090 l.
741 3048 769 3090 o.
793 3048 827 3114 p.
853 3027 911 3108 67)
940 3020 1092 3112 aequalis
1126 3049 1261 3093 necnon

192 3133 388 3200 Aristarcho
412 3132 483 3197 fere
508 3132 682 3218 grandior.
727 3135 820 3200 Hinc
836 3136 866 3200 si
888 3135 1093 3219 discesseris,
1117 3135 1158 3201 de
1176 3135 1261 3202 Cha-

190 3246 274 3308 retis
297 3243 371 3309 vita
395 3242 533 3308 aliunde
556 3243 645 3308 nihil
668 3251 813 3311 constat.

299 3349 472 3438 Sequitur,
507 3359 547 3416 ut
570 3353 641 3419 eius
666 3376 765 3419 ouras
789 3356 1033 3438 grammaticas
1069 3353 1260 3419 accuratius

192 3463 472 3548 contemplemur.
519 3462 633 3527 Primo
657 3463 775 3546 igitur,
805 3485 882 3528 cum
907 3468 1064 3526 catervae
1091 3460 1260 3548 Apollonii

192 3567 435 3655 discipulorum
457 3570 633 3658 particeps
656 3571 770 3654 fuerit,
804 3571 892 3636 silva
915 3569 1133 3636 historiarum
1156 3577 1259 3656 atque

191 3676 363 3742 uberrima
386 3677 580 3744 fabularum
605 3683 704 3767 copia
727 3679 894 3766 magistri,
930 3683 988 3763 qui
1021 3682 1111 3744 inter
1134 3701 1258 3760 omnes,

191 3807 275 3870 quos
292 3785 410 3853 doctos
426 3795 562 3870 vocant,
584 3795 704 3876 poetas
729 3787 958 3871 excellebatl)
982 3788 1163 3855 Charetem
1185 3811 1259 3876 per-

192 3901 323 3961 motum
335 3917 408 3962 esse
427 3897 617 3986 opinamur,
641 3903 680 3962 ut
695 3898 822 3963 librum
837 3897 915 3984 περὶ
932 3897 1087 3984 ἱστοριῶν
1096 3894 1260 3964 Ἀπολλω-

194 4003 261 4070 rico
305 4005 481 4084 conderet,
531 4006 627 4073 cuiue
666 4009 795 4074 mentio
834 4007 875 4072 fit
913 4007 1017 4073 schol.
1061 4006 1175 4093 Apoll.
1214 4008 1258 4089 ll,

194 4115 288 4196 1052,
324 4114 385 4179 ubi
408 4113 520 4204 Χάρης
544 4116 720 4204 Apollonii
753 4115 860 4204 ipsius
884 4117 1044 4204 γνώριμος
1077 4137 1146 4180 una
1181 4137 1259 4180 cum

298 4283 323 4351 1)
344 4282 446 4338 Christ
465 4283 483 4339 l.
503 4287 541 4342 c.³
558 4301 585 4356 p.
605 4290 666 4340 534.
