3156 4966
696 496 876 553 ,15-

256 669 468 754 argumentis
492 674 616 755 Χαῖρις
637 670 753 756 potius
776 665 960 751 legendum
984 687 1057 730 esse
1084 686 1161 730 mea
1185 661 1320 747 quidem

256 779 429 845 sententia
452 800 514 865 pro
539 781 633 842 certo
657 777 790 844 statuit.

363 890 439 954 Iam
468 909 550 952 vero
583 886 722 970 longius
745 887 891 951 ferimur.
938 888 986 950 Ac
1022 882 1197 949 Chaeridis
1233 885 1320 966 διορ-

255 995 389 1064 θωτικά
435 1019 505 1063 non
528 997 639 1062 solum
663 999 706 1061 ad
731 994 927 1081 Odysseam
961 993 1148 1059 sedetiam
1179 991 1223 1056 ad
1246 992 1321 1057 Ilie-

254 1105 332 1171 dem
356 1112 529 1194 spectasse
553 1126 655 1192 supra
680 1103 907 1189 cognovimus
932 1125 974 1167 ex
997 1101 1115 1167 scholl.
1138 1109 1173 1168 N
1195 1103 1257 1166 103
1287 1107 1322 1166 et

255 1215 365 1298 1605,
390 1213 580 1301 dequibus
615 1215 700 1280 satis
735 1213 866 1279 dictum
890 1216 953 1279 est.
1005 1210 1104 1288 Quod
1138 1233 1220 1277 vero
1256 1234 1321 1277 am.

254 1323 345 1412 plius
367 1323 406 1387 in
432 1327 495 1389 hac
528 1323 709 1411 provincia
742 1322 800 1387 ille
838 1319 1060 1409 praestiterit,
1092 1321 1185 1386 haud
1217 1320 1332 1386 facile-

255 1433 429 1499 secludere
462 1455 640 1522 possumus
675 1455 695 1497 a
731 1431 888 1496 Charetis
913 1433 1092 1496 cuiusdam
1124 1429 1320 1518 praeceptis

254 1543 553 1630 interpretatoriis
569 1565 636 1627 quo
651 1541 793 1607 nomine
809 1561 981 1624 nusquam
996 1540 1033 1603 in
1046 1539 1184 1606 scholiis
1202 1539 1322 1604 Venet.

255 1655 296 1735 A,
309 1653 445 1739 saepius
458 1651 542 1716 alibi
554 1649 761 1718 offendimur.
804 1649 856 1713 Ac
873 1649 1021 1736 primum
1037 1647 1177 1735 puidem
1189 1650 1322 1714 ratione

257 1760 433 1826 Chaeridis
473 1759 619 1826 Homeri
653 1759 980 1825 commentariorum
1013 1757 1142 1840 habita,
1178 1779 1322 1842 quorum

255 1870 406 1954 vestigia
429 1866 615 1934 ostendunt
633 1866 763 1932 scholia
786 1868 923 1955 saepius
946 1867 1062 1948 allata,
1097 1889 1166 1932 non
1190 1866 1322 1931 dubita·

257 1974 376 2056 verim,
400 1975 482 2059 quin
505 1981 598 2039 recte
620 1977 667 2041 La
690 1975 843 2042 Rochius
868 1975 1115 2061 cognoveritffi)
1150 1975 1255 2041 schol.
1279 1975 1321 2040 Il.

258 2085 337 2166 Z4,
370 2083 431 2148 ubi
464 2084 501 2147 in
536 2083 633 2149 codd.
669 2085 730 2149 BL
765 2083 921 2149 Characis
956 2085 1120 2150 memoria
1155 2090 1321 2166 servatur,

256 2193 370 2258 verius
393 2191 579 2278 legendum
603 2215 676 2258 esse
703 2197 824 2278 Χαῖρις
841 2215 983 2279 eumque
1002 2197 1115 2260 locum
1139 2215 1245 2278 aeque
1273 2216 1322 2259 re·

256 2301 434 2368 serendum
457 2305 499 2367 ad
524 2301 675 2366 eiusdem
699 2301 876 2388 scriptoris
900 2301 1117 2388 διορθωτικά.

366 2410 433 2476 Sed
457 2417 590 2475 restant
613 2411 673 2476 alii
695 2410 773 2492 loci,
808 2411 869 2476 ubi
900 2410 996 2475 codd.
1033 2410 1198 2476 memoria
1230 2410 1323 2476 inter

258 2516 370 2607 Χάρης
393 2525 427 2584 et
441 2526 563 2605 Χαῖρις
586 2518 736 2585 vacillat.
782 2520 836 2583 Ex
853 2519 976 2603 quibus
997 2519 1146 2607 primum
1168 2521 1205 2584 in
1230 2509 1326 2585 testi·¹

153 2621 156 2630 Χ
258 2629 409 2694 monium
432 2621 595 2695 vocamus
611 2627 847 2692 definitionem
866 2628 949 2692 artis
971 2629 1215 2712 grammaticae
1231 2631 1322 2716 apud

259 2735 351 2801 Sext.
374 2738 502 2825 Empir.
526 2737 603 2805 adv.
627 2737 731 2802 math.
751 2738 791 2802 81
809 2759 844 2824 p.
858 2737 931 2818 616,
948 2738 987 2802 12
1010 2737 1117 2803 Bekk.
1132 2737 1322 2823 Chareti,³²)

260 2845 350 2930 apud
373 2845 476 2912 schol.
500 2847 642 2929 Dionys.
665 2845 783 2910 Thrac.
814 2867 848 2932 p.
880 2849 952 2924 118,
968 2847 1007 2910 10
1033 2848 1129 2932 Hilg.
1165 2847 1322 2912 Chaeridi

261 2954 472 3020 attributam.
517 2957 592 3021 Iam
617 2954 775 3040 quisnam
798 2960 918 3019 auctor
939 2956 1051 3038 fuerit,
1067 2957 1223 3042 quemvis
1239 2957 1322 3022 diiu·
1416 3027 1417 3032 .

260 3063 380 3128 dicatu
424 3065 471 3129 sit
508 3063 722 3153 perdifficile,
768 3062 954 3130 dilucidare
995 3065 1213 3130 tentabimus.
1270 3067 1322 3130 Ac

258 3172 406 3256 Blauius,
442 3174 497 3238 cui
532 3174 798 3259 quaestiuncula,
829 3171 988 3254 auctoris,
1017 3177 1057 3237 ut
1091 3171 1225 3253 seimus,
1253 3194 1322 3235 non

260 3283 422 3368 exiguum
445 3284 609 3348 iniecerat
632 3280 868 3369 scrupulum³³)
893 3280 1084 3346 stabilitate
1108 3303 1148 3344 ac
1167 3288 1322 3346 constan·

257 3395 307 3456 tia
342 3391 473 3457 iudicat
507 3389 707 3456 Chaeridem
746 3395 883 3476 praeter
920 3389 1184 3455 commentarios
1217 3391 1322 3456 etiam

258 3499 363 3566 libros
396 3500 473 3584 περὶ
496 3502 724 3588 γραμματικῆς
747 3498 987 3586 composuisse.
1035 3497 1104 3563 Sed
1127 3519 1254 3580 vereor,
1278 3521 1321 3563 ne

364 3735 410 3805 31)
428 3734 514 3790 Hom.
533 3733 653 3788 Textkr.
675 3753 703 3805 p,
722 3738 765 3793 81.

364 3828 409 3895 32)
428 3824 528 3880 Etiam
546 3824 577 3878 in
596 3826 676 3884 Sext.
695 3827 839 3899 Empirici
858 3827 920 3882 cod.
940 3826 1160 3898 Regimontano
1174 3825 1224 3894 (R)
1238 3825 1321 3880 bibli·

258 3918 363 3974 thecae
381 3917 472 3981 urbis,
490 3933 569 3970 num.
586 3917 613 3972 S.
627 3920 661 3972 35
683 3917 811 3988 signato,
834 3918 952 3990 (dequo
978 3915 1038 3971 vid.
1061 3915 1153 3974 Bekk,
1176 3917 1208 3971 in
1230 3917 1321 3988 praef.

259 4005 1322 4079 mmmmfflfflefflfflpfflffl9mlmmiawmm

258 4115 329 4155 vere
346 4100 440 4156 oculis
457 4099 621 4169 legentium
640 4116 793 4155 occurrere
813 4118 880 4155 cum
898 4099 1034 4154 Bekkero
1054 4101 1148 4156 denuo
1166 4100 1195 4155 h.
1215 4101 1234 4154 l.
1254 4117 1320 4155 ecn-

260 4185 447 4244 firmaverim.

364 4281 597 4351 wlcpffi
