3156 4966
720 515 911 572 -54·-·

288 689 411 752 ⁴<eadem
451 686 585 753 ratione
624 689 809 772 eodemque
849 675 1036 772 conspectu
1076 685 1358 753 considerandum

295 793 679 880 estschol.Il.1605,
716 796 777 862 ubi
811 794 1000 861 Aristarchi
1031 794 1154 860 falsam
1190 799 1286 885 ιιμῂς
1319 809 1360 862 ut

295 905 448 990 genetivi
471 905 732 993 explicationem
755 905 941 971 defensitat
967 925 1109 989 eamque
1132 904 1236 971 simili
1258 928 1359 972 versu

296 1009 479 1080 Homerico
502 1013 623 1081 fulcire
647 1013 772 1097 studet,
795 1014 838 1080 de
862 1037 928 1099 quo
946 1014 989 1079 ab
1005 1015 1202 1090 Herodiano
1218 1014 1357 1080 dicitur:

298 1119 316 1189 ὁ
343 1123 378 1190 δὲ
403 1123 526 1208 Χαῖρις
547 1125 683 1212 βοηθῶν
706 1127 797 1211 αὐτῷ
816 1147 926 1212 φησιν,
953 1119 1005 1191 ὅτι
1032 1122 1187 1212 ἐπιφέρει
1207 1118 1296 1191 ‘oiim
1319 1149 1361 1206 με

296 1230 417 1320 ταύτης
448 1231 529 1319 χρεώ
554 1234 661 1321 τιμῆς
686 1235 751 1316 (vs.
776 1233 863 1317 607),
897 1231 989 1297 unde
1025 1231 1167 1298 Blauius
1203 1233 1270 1298 sibi
1303 1234 1360 1298 de·

299 1348 507 1408 monstrasse
529 1341 676 1420 videtur,
701 1340 902 1407 Chaeridem
924 1341 1030 1407 fuisse
1053 1341 1244 1407 Aristarchi
1267 1341 1362 1408 disci·

298 1451 425 1537 pulum.
473 1449 540 1516 Sed
563 1452 719 1535 quisnam
747 1471 816 1516 non
843 1450 941 1516 videt
963 1450 1069 1516 verba
1104 1447 1121 1516 ὁ
1159 1449 1195 1516 δὲ
1226 1455 1362 1540 βοηθῶν

299 1552 389 1648 anaqi
417 1559 505 1626 nihil
532 1559 721 1625 aliudesse
750 1560 820 1625 nisi
851 1560 1061 1626 locutionem
1089 1559 1279 1626 Herodiani
1306 1563 1362 1628 vel

301 1670 389 1735 alius
414 1668 618 1735 scholiastae
641 1671 684 1734 ad
708 1669 924 1734 enuntiatum
947 1667 1156 1733 transeuntis
1180 1691 1246 1752 quo
1263 1669 1362 1737 Chae

298 1778 382 1844 ridis
405 1777 576 1844 sententia
599 1777 763 1844 addatur?
796 1778 996 1844 Chaeridem
1026 1777 1136 1862 igitur
1159 1800 1363 1864 quamquam

304 1887 500 1953 occassione
537 1887 655 1952 oblata
678 1887 868 1953 Aristarchi
902 1885 1054 1971 vestigia
1081 1888 1246 1973 pressisse
1270 1911 1361 1976 aper-

301 2003 375 2061 tum
404 2002 465 2078 est,
501 2002 615 2061 tamen
644 1996 744 2082 gregi
766 1994 1063 2061 Aristarcheorum
1090 1996 1158 2083 ipsi
1190 1999 1364 2066 intrudere

301 2128 372 2172 non
394 2106 486 2172 licat.
533 2105 709 2183 Quomodo
726 2105 830 2171 etiam
845 2104 975 2169 factum
993 2111 1054 2187 est,
1073 2105 1165 2169 utin
1177 2107 1366 2174 Aristarchi

303 2214 400 2280 velut
421 2214 580 2299 magistri
603 2215 710 2280 verba
731 2213 843 2278 iurare
872 2212 1030 2292 noluerit,
1064 2215 1122 2278 sed
1157 2222 1196 2280 ut
1224 2217 1367 2283 Homeri

304 2323 441 2388 dicendi
463 2324 606 2388 rationis
628 2322 856 2409 peritissimus
880 2324 995 2388 omnia
1018 2323 1070 2388 sui
1092 2321 1226 2388 arbitrii
1241 2325 1368 2390 faceret

306 2434 558 2515 Homerumque
581 2431 798 2518 potissimum
821 2455 864 2496 ex
879 2433 1029 2498 Homero
1052 2432 1129 2518 ipso
1151 2432 1292 2518 paribus
1310 2435 1368 2499 vel

305 2541 486 2606 simillimis
510 2541 594 2606 locis
618 2539 731 2606 allatis
754 2541 1048 2628 interpretaretur.

412 2650 493 2716 Jam
516 2671 597 2715 vero
624 2655 762 2737 tempus
791 2657 844 2716 est
867 2650 1040 2716 Chaeridis
1071 2673 1169 2716 curas
1197 2648 1369 2735 prosodia·

307 2781 363 2824 cas
386 2759 424 2823 in
445 2759 589 2825 Iliadem
611 2759 783 2846 persequi:
808 2759 919 2825 tribus
942 2759 1026 2825 locis
1049 2764 1238 2846 praecepta
1256 2757 1369 2822 istius-

306 2869 399 2934 modi
427 2869 661 2934 enuntiantur.
721 2875 770 2934 Ac
802 2869 1027 2955 praefationis
1061 2872 1137 2934 loco
1171 2867 1370 2952 legentibus

308 2978 345 3042 in
378 2981 576 3043 memoriam
612 2979 807 3042 vocaverim
836 2979 948 3044 Blauii
981 2978 1198 3056 sententiam,
1234 2976 1293 3061 qui
1326 2975 1370 3040 ad

307 3086 434 3151 librum
450 3085 526 3170 πεγλ
545 3090 772 3176 γραμματικῆς
788 3086 898 3152 redire
914 3087 1110 3168 arbitratur,
1128 3107 1214 3170 quae
1231 3085 1371 3150 Ohaeris

308 3193 412 3260 schol.
437 3194 476 3258 ll.
502 3202 538 3259 N
552 3196 621 3286 Ι103
651 3198 692 3261 de
732 3202 874 3262 accentu
901 3218 978 3281 gen.
1002 3198 1089 3282 plur.
1113 3195 1215 3261 θώων
1238 3193 1372 3260 παίδων

310 3310 370 3370 οὴὴ,
394 3302 563 3391 praecipit
586 3310 644 3370 οὐκ
667 3297 753 3371 εἶναι
776 3304 809 3370 ἐν
837 3304 1046 3389 δισυλλάβοις
1070 3301 1255 3389 ι’ναλογίαν,
1282 3305 1371 3386 quod

309 3413 467 3500 profecto
490 3413 605 3479 valere
628 3415 754 3499 nequit,
790 3417 915 3502 quippe
943 3437 1022 3479 cum
1049 3413 1252 3495 memineris,
1285 3433 1372 3495 quae

310 3543 414 3607 supra
449 3521 490 3586 de
526 3502 671 3588 Charete
707 3530 845 3590 auctore
877 3521 986 3588 libelli
1018 3520 1175 3587 diximus.
1223 3519 1291 3586 Sed
1318 3541 1372 3586 res

311 3630 388 3717 ipsa
410 3629 502 3696 haud
523 3631 667 3716 indigna
691 3639 752 3715 est,
775 3634 812 3698 in
836 3655 902 3718 qua
929 3630 1084 3720 pluribus
1112 3650 1371 3696 commoremur:

312 3740 549 3807 Aristarchum
572 3741 759 3806 seeundum
787 3739 975 3827 παράδοσιν
997 3740 1238 3828 pronuntiasse
1262 3735 1373 3820 θώων,

311 3850 530 3936 Pamphilum
553 3857 670 3914 contra
692 3853 802 3918 veluti
825 3851 1006 3936 analogiae
1025 3859 1208 3937 patronum
1225 3849 1374 3914 ‘strictae

312 3958 561 4024 observantiae'
591 3962 788 4041 genetivum
823 3959 1040 4026 circumflexo
1074 3965 1212 4024 notasse
1246 3955 1376 4022 scholio

312 4068 452 4133 ineunte
486 4067 647 4133 docemus
681 4067 767 4134 ἐπεὶ
802 4067 843 4135 τὰ
875 4067 922 4148 εἷς
956 4075 988 4146 ἔς
1020 4065 1157 4158 λήγοντα
1193 4062 1375 4148 δισύλλαβα

313 4171 458 4260 ὀνόματα
477 4177 531 4245 ἐπ’
555 4173 686 4254 εὐθείας
710 4178 936 4270 πληθυντικῆς
965 4177 1030 4259 ἔχει
1058 4175 1185 4265 γενικὴν
1208 4197 1375 4259 περισπω-

313 4285 420 4376 μένην.
468 4286 522 4354 διὸ
544 4284 601 4353 καὶ
625 4283 664 4351 τὸ
694 4282 814 4372 Τρώων
843 4288 899 4352 λαὶ
928 4283 1046 4371 δμώων
1069 4284 1125 4352 καὶ
1150 4281 1283 4350 παίδων
1310 4279 1376 4347 ἆνε-
