3156 4966
718 453 895 512 -62..

274 626 468 712 nuperrime
478 623 617 690 admisit
628 622 853 711 Christius.³³)
874 624 980 691 Paulo
993 631 1073 713 post
1095 647 1145 691 vs.
1171 623 1235 689 195
1262 623 1342 690 libri

274 733 442 819 hodieque
471 755 539 799 uno
563 740 680 800 tenore
704 733 779 800 edd.
803 732 927 818 legunt
960 755 1039 802 eum
1071 732 1236 801 Chaeride
1259 727 1341 815 δμε-

275 843 374 928 τέρων
399 896 406 911 .
431 895 438 909 .
463 895 471 912 .
498 895 505 908 .
535 839 709 928 ἀρχεδικᾶν
742 864 804 930 pro
840 838 998 928 ἁμετέραν
1023 893 1030 908 .
1055 895 1063 911 .
1091 893 1098 908 .
1123 894 1130 910 .
1156 839 1340 929 ἀρχεδίκαν,

275 976 361 1038 quae
384 960 458 1020 erat
480 952 583 1019 leotio
608 958 687 1019 enta
712 951 887 1018 Chaeridis
911 958 1071 1018 aetatem.
1118 952 1229 1020 Jason
1260 951 1293 1018 h.
1317 951 1340 1019 l.

273 1062 403 1128 Peliam
425 1063 570 1145 incusat,
600 1064 689 1148 quod
717 1062 865 1128 maiores
900 1062 1073 1148 dignitate
1107 1065 1204 1148 regia
1226 1061 1337 1150 priva·

274 1172 373 1255 verit,
395 1172 449 1238 his
471 1171 606 1238 verbis:

486 1279 661 1361 πεύθομαι
682 1278 737 1365 γόρ
761 1306 811 1347 νιν
833 1284 960 1348 Πελίαν
983 1273 1107 1364 ἀθεμιν

595 1390 723 1468 λευκαῖς
746 1387 944 1480 πιθήσαντα
966 1389 1091 1478 φρασὶν

487 1493 651 1582 ἁμετέρων
675 1491 887 1593 ἀποσυλᾶσαι
907 1497 1031 1583 βιαίως
1054 1492 1110 1587 ἀρ-

596 1608 729 1690 χεδικᾶν
751 1605 873 1674 τοκέων
896 1661 904 1676 .
929 1659 937 1674 .
962 1661 969 1675 .

377 1713 433 1780 έὰν
455 1709 639 1802 ἀρχεδίκαν,
662 1715 775 1801 inquit
789 1716 973 1783 scholiasta
989 1715 1049 1808 τὴν
1065 1712 1177 1808 ἀρχὴν,
1201 1709 1241 1806 ἣν
1258 1712 1343 1782 κατὰ

276 1823 377 1914 δίκην,
413 1817 670 1892 τοοτέστικατδι
706 1824 744 1891 τὸ
782 1823 913 1894 δίκαιον
936 1822 1024 1910 εἶχον
1048 1825 1078 1895 oi
1114 1825 1188 1911 ἐμοὶ
1221 1830 1343 1913 γονεῖς·

274 1936 426 2017 βιάζεται
465 1934 501 2008 δέ
539 1921 774 2023 μετογρόφων·
821 1937 1002 2022 προτέταχε
1039 1934 1099 2024 γὰρ
1135 1933 1195 2026 τὴν
1233 1931 1343 2025 ἀρχήν.

272 2040 404 2126 Ἱκόμαν
427 2039 534 2110 οἴκαδ’
558 2038 697 2130 ἀρχαίαν
720 2043 880 2128 κομίζων·
911 2046 1029 2132 διόπερ
1053 2040 1244 2123 ἀκολούθως
1267 2043 1345 2135 έπῆ·

275 2174 381 2238 γαγεν·
413 2147 584 2239 Ἂμετέραν
617 2149 829 2246 ἀποσολῇσαι
869 2153 968 2245 αύτὴν
1002 2154 1186 2238 πεύθομαι.
1232 2151 1274 2220 Ei
1309 2153 1345 2220 δὲ

276 2260 539 2349 περισπωμένως
561 2256 845 2348 ἀναγιγνώσκομεν
865 2262 1060 2352 ῗΑρχεδικᾶν,
1094 2259 1151 2332 ούκ
1185 2261 1345 2332 ἐκκόπτει

275 2365 294 2457 ᾗ
327 2369 449 2458 γραφή·
485 2368 580 2436 ἔσται
614 2367 674 2457 γὰρ
710 2366 727 2438 ό
763 2371 860 2458 λόγος
894 2377 1055 2453 τοιαύτας·
1092 2371 1151 2464 τὴν
1183 2369 1346 2462 ἡμετέραν

275 2471 375 2568 ἀρχὴν
398 2481 462 2544 τῶν
496 2473 677 2565 ἀχρεδικῶν
710 2507 773 2565 μου
795 2484 914 2569 γονέων
949 2483 1120 2570 πεύθομαι
1154 2479 1194 2550 τό
1218 2478 1346 2550 Πελίαν

276 2585 503 2678 ἀποστλῆσαι·
522 2584 660 2668 Ἀλλωςε
695 2585 870 2674 ἀρχεδικᾶν
892 2592 948 2682 έδν
980 2593 1243 2677 περισπωμένως
1279 2595 1346 2658 τῶν

276 2695 416 2763 δικαίων
437 2696 614 2782 βασιλέων·
639 2697 695 2764 έδν
711 2699 747 2764 δέ
761 2699 949 2787 βαρυτόνως
963 2695 1148 2787 Ἀρχεδίκαν
1171 2695 1344 2788 ἀρχεδίκην

275 2801 307 2870 ἴν
329 2797 349 2894 ᾗ
373 2804 410 2894 τὴ
436 2804 470 2890 έξ
492 2803 590 2896 ἀρχῆς
617 2808 791 2893 βασιλέων,
825 2803 863 2898 ἣν
897 2805 984 2894 εἶχον
1007 2809 1158 2890 δικαίως.
1206 2812 1255 2876 De
1277 2809 1344 2876 hac

273 2914 383 3000 igitur
405 2918 646 2997 controversia,
669 2925 709 2984 nt
731 2917 888 3004 diximus5
911 2926 1027 2987 aetum
1050 2927 1116 2986 est:
1139 2917 1242 2986 hodie
1265 2940 1344 2984 oum

277 3021 443 3089 Chaeride
458 3024 606 3110 legimus
623 3022 788 3111 ἁμετέρων
811 3079 844 3093 ..
865 3084 874 3099 .
895 3027 1079 3115 ἀρχεδικᾶν.
1124 3031 1213 3095 Male
1229 3034 1345 3094 autem

275 3155 347 3197 rem
363 3129 517 3199 criticam
535 3135 643 3218 gessit
658 3158 708 3201 vs.
726 3135 799 3219 259,
811 3137 872 3204 ubi
895 3139 1043 3206 editores
1054 3135 1199 3203 Pindari
1221 3158 1344 3202 memo·

276 3241 363 3306 riam
387 3241 485 3309 codd.
501 3247 632 3328 Μοῖραι
657 3240 685 3310 δ’
700 3240 875 3333 ἀφίσταντ’
895 3255 1065 3331 secuntur,
1091 3271 1169 3316 oum
1186 3245 1346 3312 Chaeridi

274 3347 385 3416 forma
419 3350 569 3437 optativi
600 3349 791 3441 ἆφίσταιντ’
824 3355 1048 3442 praeferenda
1082 3349 1266 3439 videretur,
1301 3355 1345 3420 de

276 3479 343 3542 quo
358 3459 591 3549 semetipsum
609 3463 773 3546 conferas,
790 3465 881 3548 quod
896 3465 979 3530 mire
998 3465 1202 3532 terminatur
1214 3465 1271 3532 καὶ
1286 3463 1345 3534 οὐκ

276 3564 456 3647 ἀπιθάνως
475 3567 492 3636 ὁ
516 3572 648 3657 Χαῖρις.
681 3576 725 3638 At
745 3596 834 3639 reoo.
850 3575 976 3641 vitium
990 3574 1023 3640 h.
1039 3575 1062 3641 l.
1078 3575 1185 3640 latere
1200 3583 1345 3662 negant.

277 3676 404 3741 Contra
428 3678 584 3747 Chaeridi
613 3681 742 3748 assensi
765 3688 846 3747 sunt
868 3705 917 3749 vs.
940 3684 1006 3750 445
1037 3705 1107 3751 non
1130 3687 1346 3774 Πελιαφόνον

277 3792 442 3866 συνθέτως
463 3790 603 3875 legenti,
631 3792 690 3858 sed
714 3791 875 3858 distinete
897 3790 954 3859 τὸν
976 3790 1103 3859 Πελίαο
1125 3791 1236 3883 φόνον.
1280 3795 1344 3862 Po·

276 3901 403 3962 strema
426 3897 638 3965 verissimam
662 3900 807 3966 fortasse
842 3909 876 3966 et
910 3902 1105 3987 aBergkio
1140 3925 1180 3968 ae
1204 3903 1345 3970 Momm-

361 4057 430 4135 133)
449 4057 577 4128 Respuit
596 4058 796 4116 Sehroaderus
824 4058 856 4114 in
885 4059 1049 4116 novissima
1066 4059 1190 4116 Pindari
1212 4060 1345 4126 editione

278 4152 409 4213 a.1900;
440 4147 494 4204 sed
512 4149 649 4220 equidem
666 4167 728 4204 non
745 4147 839 4216 video,
860 4167 913 4206 our
931 4150 1077 4208 orationis
1095 4151 1230 4223 vigorem
1252 4151 1347 4208 Chae·

276 4238 350 4293 ridis
370 4239 537 4296 emendatio
557 4241 735 4312 pessumdet.
