<?xml version="1.0" encoding="UTF-8"?>
<!DOCTYPE html PUBLIC "-//W3C//DTD XHTML 1.0 Transitional//EN"
    "http://www.w3.org/TR/xhtml1/DTD/xhtml1-transitional.dtd">
<html xmlns="http://www.w3.org/1999/xhtml" xml:lang="en" lang="en">
 <head>
  <title>
</title>
<meta http-equiv="Content-Type" content="text/html;charset=utf-8" />
  <meta name='ocr-system' content='tesseract 3.04.00' />
  <meta name='ocr-capabilities' content='ocr_page ocr_carea ocr_par ocr_line ocrx_word'/>
</head>
<body>
  <div class='ocr_page' id='page_1' title='image "./decharetechaeri00berngoog_0017.png"; bbox 0 0 3156 4966; ppageno 0'>
   <div class='ocr_carea' id='block_1_1' title="bbox 721 448 876 506">
    <p class='ocr_par' dir='ltr' id='par_1_1' title="bbox 721 448 876 506">
     <span class='ocr_line' id='line_1_1' title="bbox 721 448 876 506; baseline 0 -16"><span class='ocrx_word' id='word_1_1' title='bbox 721 448 876 506; x_wconf 72' lang='grc'>..8.-</span> 
     </span>
    </p>
   </div>
   <div class='ocr_carea' id='block_1_2' title="bbox 263 617 1330 2453">
    <p class='ocr_par' dir='ltr' id='par_1_2' title="bbox 265 617 1330 924">
     <span class='ocr_line' id='line_1_2' title="bbox 266 617 1330 705; baseline -0.002 -19"><span class='ocrx_word' id='word_1_2' title='bbox 266 642 364 686; x_wconf 89' lang='lat' dir='ltr'><strong>cursu</strong></span> <span class='ocrx_word' id='word_1_3' title='bbox 393 621 486 684; x_wconf 89' lang='lat' dir='ltr'><strong>dicta</strong></span> <span class='ocrx_word' id='word_1_4' title='bbox 517 619 745 698; x_wconf 78' lang='lat' dir='ltr'><strong>sufficiant.¹⁵)</strong></span> <span class='ocrx_word' id='word_1_5' title='bbox 796 620 877 686; x_wconf 85' lang='lat' dir='ltr'><strong>Jam</strong></span> <span class='ocrx_word' id='word_1_6' title='bbox 905 617 1042 704; x_wconf 89' lang='lat' dir='ltr'><strong>longius</strong></span> <span class='ocrx_word' id='word_1_7' title='bbox 1071 618 1330 705; x_wconf 76' lang='lat' dir='ltr'><strong>progredientes</strong></span> 
     </span>
     <span class='ocr_line' id='line_1_3' title="bbox 266 727 1329 818; baseline -0.004 -22"><span class='ocrx_word' id='word_1_8' title='bbox 266 753 351 818; x_wconf 90' lang='lat' dir='ltr'><strong>opus</strong></span> <span class='ocrx_word' id='word_1_9' title='bbox 375 736 428 796; x_wconf 91' lang='lat' dir='ltr'><strong>est</strong></span> <span class='ocrx_word' id='word_1_10' title='bbox 451 729 565 816; x_wconf 90' lang='lat' dir='ltr'><strong>ipsum</strong></span> <span class='ocrx_word' id='word_1_11' title='bbox 612 728 834 814; x_wconf 71' lang='lat' dir='ltr'><strong>‘periculosae</strong></span> <span class='ocrx_word' id='word_1_12' title='bbox 861 729 1003 816; x_wconf 90' lang='lat' dir='ltr'><strong>plenum</strong></span> <span class='ocrx_word' id='word_1_13' title='bbox 1030 748 1116 815; x_wconf 91' lang='lat' dir='ltr'><strong>opus</strong></span> <span class='ocrx_word' id='word_1_14' title='bbox 1139 727 1244 792; x_wconf 89' lang='lat' dir='ltr'><strong>aleae’</strong></span> <span class='ocrx_word' id='word_1_15' title='bbox 1267 749 1329 793; x_wconf 91' lang='lat' dir='ltr'><strong>nos</strong></span> 
     </span>
     <span class='ocr_line' id='line_1_4' title="bbox 265 838 420 924; baseline 0.013 -21"><span class='ocrx_word' id='word_1_16' title='bbox 265 838 420 924; x_wconf 81' lang='lat' dir='ltr'><strong>aggredi.</strong></span> 
     </span>
    </p>

    <p class='ocr_par' dir='ltr' id='par_1_3' title="bbox 263 945 1330 2453">
     <span class='ocr_line' id='line_1_5' title="bbox 371 945 1330 1034; baseline -0.003 -20"><span class='ocrx_word' id='word_1_17' title='bbox 371 952 494 1032; x_wconf 87' lang='grc' dir='ltr'><strong><em>Χαῖρις</em></strong></span> <span class='ocrx_word' id='word_1_18' title='bbox 521 952 556 1010; x_wconf 92' lang='lat' dir='ltr'><strong>et</strong></span> <span class='ocrx_word' id='word_1_19' title='bbox 579 945 693 1034; x_wconf 86' lang='grc' dir='ltr'><strong><em>Χάρης</em></strong></span> <span class='ocrx_word' id='word_1_20' title='bbox 707 945 912 1032; x_wconf 88' lang='lat' dir='ltr'><strong>scriptorum</strong></span> <span class='ocrx_word' id='word_1_21' title='bbox 933 945 1074 1011; x_wconf 91' lang='lat' dir='ltr'><strong>nomina</strong></span> <span class='ocrx_word' id='word_1_22' title='bbox 1098 945 1191 1032; x_wconf 85' lang='lat' dir='ltr'><strong>(num</strong></span> <span class='ocrx_word' id='word_1_23' title='bbox 1215 951 1330 1012; x_wconf 88' lang='lat' dir='ltr'><strong>autam</strong></span> 
     </span>
     <span class='ocr_line' id='line_1_6' title="bbox 265 1053 1330 1143; baseline 0 -21"><span class='ocrx_word' id='word_1_24' title='bbox 265 1078 352 1124; x_wconf 91' lang='lat' dir='ltr'><strong>unus</strong></span> <span class='ocrx_word' id='word_1_25' title='bbox 376 1055 620 1143; x_wconf 85' lang='lat' dir='ltr'><strong>grammaticus</strong></span> <span class='ocrx_word' id='word_1_26' title='bbox 648 1055 691 1120; x_wconf 92' lang='lat' dir='ltr'><strong>ab</strong></span> <span class='ocrx_word' id='word_1_27' title='bbox 720 1053 828 1120; x_wconf 90' lang='lat' dir='ltr'><strong>altero</strong></span> <span class='ocrx_word' id='word_1_28' title='bbox 851 1053 1115 1140; x_wconf 89' lang='lat' dir='ltr'><strong>distinguendus</strong></span> <span class='ocrx_word' id='word_1_29' title='bbox 1135 1055 1191 1134; x_wconf 89' lang='lat' dir='ltr'><strong>sit,</strong></span> <span class='ocrx_word' id='word_1_30' title='bbox 1223 1055 1330 1142; x_wconf 89' lang='lat' dir='ltr'><strong>prius-</strong></span> 
     </span>
     <span class='ocr_line' id='line_1_7' title="bbox 267 1163 1329 1251; baseline 0.001 -21"><span class='ocrx_word' id='word_1_31' title='bbox 267 1187 370 1250; x_wconf 91' lang='lat' dir='ltr'><strong>quam</strong></span> <span class='ocrx_word' id='word_1_32' title='bbox 392 1187 447 1230; x_wconf 90' lang='lat' dir='ltr'><strong>res</strong></span> <span class='ocrx_word' id='word_1_33' title='bbox 470 1164 507 1229; x_wconf 90' lang='lat' dir='ltr'><strong>in</strong></span> <span class='ocrx_word' id='word_1_34' title='bbox 530 1168 687 1250; x_wconf 89' lang='lat' dir='ltr'><strong>apertum</strong></span> <span class='ocrx_word' id='word_1_35' title='bbox 712 1163 895 1229; x_wconf 80' lang='lat' dir='ltr'><strong>discrimen</strong></span> <span class='ocrx_word' id='word_1_36' title='bbox 918 1163 1076 1247; x_wconf 80' lang='lat' dir='ltr'><strong>evaserit,</strong></span> <span class='ocrx_word' id='word_1_37' title='bbox 1105 1166 1141 1229; x_wconf 92' lang='lat' dir='ltr'><strong>in</strong></span> <span class='ocrx_word' id='word_1_38' title='bbox 1165 1186 1329 1251; x_wconf 89' lang='lat' dir='ltr'><strong>suspenso</strong></span> 
     </span>
     <span class='ocr_line' id='line_1_8' title="bbox 265 1270 1329 1360; baseline 0.002 -24"><span class='ocrx_word' id='word_1_39' title='bbox 265 1280 412 1354; x_wconf 89' lang='lat' dir='ltr'><strong>maneat,</strong></span> <span class='ocrx_word' id='word_1_40' title='bbox 435 1274 580 1339; x_wconf 86' lang='lat' dir='ltr'><strong>novitio</strong></span> <span class='ocrx_word' id='word_1_41' title='bbox 599 1272 777 1360; x_wconf 73' lang='lat' dir='ltr'><strong>petitionis</strong></span> <span class='ocrx_word' id='word_1_42' title='bbox 799 1270 964 1360; x_wconf 88' lang='lat' dir='ltr'><strong>principii</strong></span> <span class='ocrx_word' id='word_1_43' title='bbox 979 1271 1160 1338; x_wconf 89' lang='lat' dir='ltr'><strong>commisso</strong></span> <span class='ocrx_word' id='word_1_44' title='bbox 1184 1280 1329 1340; x_wconf 85' lang='lat' dir='ltr'><strong>eventus</strong></span> 
     </span>
     <span class='ocr_line' id='line_1_9' title="bbox 266 1369 1330 1470; baseline 0.004 -26"><span class='ocrx_word' id='word_1_45' title='bbox 266 1389 513 1468; x_wconf 87' lang='lat' dir='ltr'><strong>praesumatur,</strong></span> <span class='ocrx_word' id='word_1_46' title='bbox 528 1421 568 1430; x_wconf 86' lang='grc'><strong>-</strong></span> <span class='ocrx_word' id='word_1_47' title='bbox 587 1369 683 1448; x_wconf 88' lang='lat' dir='ltr'><strong>velut</strong></span> <span class='ocrx_word' id='word_1_48' title='bbox 704 1381 731 1446; x_wconf 89' lang='lat' dir='ltr'><strong>ii</strong></span> <span class='ocrx_word' id='word_1_49' title='bbox 753 1381 846 1448; x_wconf 90' lang='lat' dir='ltr'><strong>viam</strong></span> <span class='ocrx_word' id='word_1_50' title='bbox 870 1403 910 1447; x_wconf 91' lang='lat' dir='ltr'><strong>ac</strong></span> <span class='ocrx_word' id='word_1_51' title='bbox 932 1381 1112 1465; x_wconf 88' lang='lat' dir='ltr'><strong>rationem,</strong></span> <span class='ocrx_word' id='word_1_52' title='bbox 1148 1403 1234 1466; x_wconf 89' lang='lat' dir='ltr'><strong>quae</strong></span> <span class='ocrx_word' id='word_1_53' title='bbox 1257 1381 1330 1470; x_wconf 92' lang='lat' dir='ltr'><strong>pbi-</strong></span> 
     </span>
     <span class='ocr_line' id='line_1_10' title="bbox 265 1489 1330 1578; baseline 0.002 -24"><span class='ocrx_word' id='word_1_54' title='bbox 265 1490 453 1576; x_wconf 91' lang='lat' dir='ltr'><strong>lologorum</strong></span> <span class='ocrx_word' id='word_1_55' title='bbox 478 1497 538 1567; x_wconf 88' lang='lat' dir='ltr'><strong>est,</strong></span> <span class='ocrx_word' id='word_1_56' title='bbox 561 1491 664 1578; x_wconf 87' lang='lat' dir='ltr'><strong>plene</strong></span> <span class='ocrx_word' id='word_1_57' title='bbox 682 1491 884 1576; x_wconf 86' lang='lat' dir='ltr'><strong>neglegunt,</strong></span> <span class='ocrx_word' id='word_1_58' title='bbox 907 1494 963 1576; x_wconf 90' lang='lat' dir='ltr'><strong>qui</strong></span> <span class='ocrx_word' id='word_1_59' title='bbox 987 1489 1330 1556; x_wconf 84' lang='lat' dir='ltr'><strong>temeraOhaeridem</strong></span> 
     </span>
     <span class='ocr_line' id='line_1_11' title="bbox 266 1599 1329 1688; baseline 0 -23"><span class='ocrx_word' id='word_1_60' title='bbox 266 1622 328 1687; x_wconf 91' lang='lat' dir='ltr'><strong>pro</strong></span> <span class='ocrx_word' id='word_1_61' title='bbox 352 1600 497 1668; x_wconf 79' lang='lat' dir='ltr'><strong>Charete</strong></span> <span class='ocrx_word' id='word_1_62' title='bbox 521 1601 746 1676; x_wconf 89' lang='lat' dir='ltr'><strong>substituunt)</strong></span> <span class='ocrx_word' id='word_1_63' title='bbox 770 1599 910 1665; x_wconf 90' lang='lat' dir='ltr'><strong>scholiis</strong></span> <span class='ocrx_word' id='word_1_64' title='bbox 937 1602 1155 1688; x_wconf 89' lang='lat' dir='ltr'><strong>potissimum</strong></span> <span class='ocrx_word' id='word_1_65' title='bbox 1178 1600 1329 1677; x_wconf 86' lang='lat' dir='ltr'><strong>Homeri,</strong></span> 
     </span>
     <span class='ocr_line' id='line_1_12' title="bbox 265 1708 1330 1798; baseline 0 -24"><span class='ocrx_word' id='word_1_66' title='bbox 265 1709 416 1791; x_wconf 88' lang='lat' dir='ltr'><strong>Pindari,</strong></span> <span class='ocrx_word' id='word_1_67' title='bbox 465 1710 706 1798; x_wconf 76' lang='lat' dir='ltr'><strong>Aristophanis</strong></span> <span class='ocrx_word' id='word_1_68' title='bbox 760 1709 912 1775; x_wconf 88' lang='lat' dir='ltr'><strong>citantur</strong></span> <span class='ocrx_word' id='word_1_69' title='bbox 943 1709 1054 1794; x_wconf 89' lang='lat' dir='ltr'><strong>iisque</strong></span> <span class='ocrx_word' id='word_1_70' title='bbox 1097 1708 1238 1773; x_wconf 90' lang='lat' dir='ltr'><strong>Pindari</strong></span> <span class='ocrx_word' id='word_1_71' title='bbox 1294 1717 1330 1774; x_wconf 88' lang='lat' dir='ltr'><strong>et</strong></span> 
     </span>
     <span class='ocr_line' id='line_1_13' title="bbox 265 1817 1329 1907; baseline 0.001 -25"><span class='ocrx_word' id='word_1_72' title='bbox 265 1819 506 1905; x_wconf 80' lang='lat' dir='ltr'><strong>Aristophanis</strong></span> <span class='ocrx_word' id='word_1_73' title='bbox 529 1842 661 1907; x_wconf 91' lang='lat' dir='ltr'><strong>semper</strong></span> <span class='ocrx_word' id='word_1_74' title='bbox 682 1819 754 1884; x_wconf 88' lang='lat' dir='ltr'><strong>fere</strong></span> <span class='ocrx_word' id='word_1_75' title='bbox 776 1818 917 1885; x_wconf 83' lang='lat' dir='ltr'><strong>Chaeris</strong></span> <span class='ocrx_word' id='word_1_76' title='bbox 941 1817 1124 1898; x_wconf 88' lang='lat' dir='ltr'><strong>vocitatur,</strong></span> <span class='ocrx_word' id='word_1_77' title='bbox 1149 1839 1227 1882; x_wconf 92' lang='lat' dir='ltr'><strong>oum</strong></span> <span class='ocrx_word' id='word_1_78' title='bbox 1250 1817 1329 1883; x_wconf 91' lang='lat' dir='ltr'><strong>alio·</strong></span> 
     </span>
     <span class='ocr_line' id='line_1_14' title="bbox 264 1926 1329 2012; baseline 0 -20"><span class='ocrx_word' id='word_1_79' title='bbox 264 1929 349 2012; x_wconf 89' lang='lat' dir='ltr'><strong>quin</strong></span> <span class='ocrx_word' id='word_1_80' title='bbox 371 1929 501 1996; x_wconf 90' lang='lat' dir='ltr'><strong>librarii</strong></span> <span class='ocrx_word' id='word_1_81' title='bbox 524 1929 660 1996; x_wconf 84' lang='lat' dir='ltr'><strong>nomina</strong></span> <span class='ocrx_word' id='word_1_82' title='bbox 675 1929 766 1993; x_wconf 90' lang='lat' dir='ltr'><strong>inter</strong></span> <span class='ocrx_word' id='word_1_83' title='bbox 789 1950 825 1992; x_wconf 91' lang='lat' dir='ltr'><strong>se</strong></span> <span class='ocrx_word' id='word_1_84' title='bbox 848 1927 1066 1993; x_wconf 90' lang='lat' dir='ltr'><strong>conturbent.</strong></span> <span class='ocrx_word' id='word_1_85' title='bbox 1112 1926 1227 1992; x_wconf 87' lang='lat' dir='ltr'><strong>Aede</strong></span> <span class='ocrx_word' id='word_1_86' title='bbox 1250 1927 1329 1992; x_wconf 90' lang='lat' dir='ltr'><strong>Pin-</strong></span> 
     </span>
     <span class='ocr_line' id='line_1_15' title="bbox 265 2033 1329 2121; baseline 0.005 -24"><span class='ocrx_word' id='word_1_87' title='bbox 265 2033 339 2098; x_wconf 90' lang='lat' dir='ltr'><strong>dari</strong></span> <span class='ocrx_word' id='word_1_88' title='bbox 373 2039 627 2104; x_wconf 88' lang='lat' dir='ltr'><strong>commentariis</strong></span> <span class='ocrx_word' id='word_1_89' title='bbox 654 2059 754 2104; x_wconf 87' lang='lat' dir='ltr'><strong>nemo</strong></span> <span class='ocrx_word' id='word_1_90' title='bbox 783 2076 826 2085; x_wconf 94' lang='lat'>—</span> <span class='ocrx_word' id='word_1_91' title='bbox 854 2035 946 2121; x_wconf 90' lang='lat' dir='ltr'><strong>quod</strong></span> <span class='ocrx_word' id='word_1_92' title='bbox 980 2036 1088 2100; x_wconf 88' lang='lat' dir='ltr'><strong>sciam</strong></span> <span class='ocrx_word' id='word_1_93' title='bbox 1110 2072 1154 2084; x_wconf 92' lang='lat'>-</span> <span class='ocrx_word' id='word_1_94' title='bbox 1176 2057 1329 2121; x_wconf 91' lang='lat' dir='ltr'><strong>unquam</strong></span> 
     </span>
     <span class='ocr_line' id='line_1_16' title="bbox 265 2142 1329 2232; baseline 0.002 -24"><span class='ocrx_word' id='word_1_95' title='bbox 265 2142 448 2228; x_wconf 88' lang='lat' dir='ltr'><strong>dubitavit,</strong></span> <span class='ocrx_word' id='word_1_96' title='bbox 484 2148 568 2232; x_wconf 89' lang='lat' dir='ltr'><strong>quin</strong></span> <span class='ocrx_word' id='word_1_97' title='bbox 600 2147 740 2214; x_wconf 82' lang='lat' dir='ltr'><strong>Chaeris</strong></span> <span class='ocrx_word' id='word_1_98' title='bbox 780 2155 899 2212; x_wconf 81' lang='lat' dir='ltr'><strong>auctor</strong></span> <span class='ocrx_word' id='word_1_99' title='bbox 932 2144 1096 2226; x_wconf 88' lang='lat' dir='ltr'><strong>extiterit,</strong></span> <span class='ocrx_word' id='word_1_100' title='bbox 1134 2143 1226 2228; x_wconf 91' lang='lat' dir='ltr'><strong>quod</strong></span> <span class='ocrx_word' id='word_1_101' title='bbox 1259 2166 1329 2210; x_wconf 92' lang='lat' dir='ltr'><strong>non</strong></span> 
     </span>
     <span class='ocr_line' id='line_1_17' title="bbox 265 2251 1328 2340; baseline 0.002 -24"><span class='ocrx_word' id='word_1_102' title='bbox 265 2253 388 2316; x_wconf 91' lang='lat' dir='ltr'><strong>mirum</strong></span> <span class='ocrx_word' id='word_1_103' title='bbox 411 2253 577 2337; x_wconf 91' lang='lat' dir='ltr'><strong>videatur,</strong></span> <span class='ocrx_word' id='word_1_104' title='bbox 609 2275 687 2320; x_wconf 90' lang='lat' dir='ltr'><strong>cum</strong></span> <span class='ocrx_word' id='word_1_105' title='bbox 713 2255 780 2321; x_wconf 90' lang='lat' dir='ltr'><strong>huc</strong></span> <span class='ocrx_word' id='word_1_106' title='bbox 803 2277 911 2340; x_wconf 89' lang='lat' dir='ltr'><strong>usque</strong></span> <span class='ocrx_word' id='word_1_107' title='bbox 934 2253 1002 2318; x_wconf 91' lang='lat' dir='ltr'><strong>alia</strong></span> <span class='ocrx_word' id='word_1_108' title='bbox 1036 2251 1147 2318; x_wconf 88' lang='lat' dir='ltr'><strong>forma</strong></span> <span class='ocrx_word' id='word_1_109' title='bbox 1180 2253 1328 2318; x_wconf 89' lang='lat' dir='ltr'><strong>nominis</strong></span> 
     </span>
     <span class='ocr_line' id='line_1_18' title="bbox 263 2361 1327 2453; baseline 0.004 -29"><span class='ocrx_word' id='word_1_110' title='bbox 263 2382 402 2446; x_wconf 89' lang='lat' dir='ltr'><strong>prorsus</strong></span> <span class='ocrx_word' id='word_1_111' title='bbox 425 2362 494 2427; x_wconf 92' lang='lat' dir='ltr'><strong>illis</strong></span> <span class='ocrx_word' id='word_1_112' title='bbox 516 2361 622 2429; x_wconf 88' lang='lat' dir='ltr'><strong>fuerit</strong></span> <span class='ocrx_word' id='word_1_113' title='bbox 643 2364 856 2453; x_wconf 84' lang='lat' dir='ltr'><strong>incomperta</strong></span> <span class='ocrx_word' id='word_1_114' title='bbox 883 2369 986 2449; x_wconf 91' lang='lat' dir='ltr'><strong>atque</strong></span> <span class='ocrx_word' id='word_1_115' title='bbox 1008 2361 1199 2448; x_wconf 88' lang='lat' dir='ltr'><strong>incognita.</strong></span> <span class='ocrx_word' id='word_1_116' title='bbox 1227 2361 1327 2428; x_wconf 90' lang='lat' dir='ltr'><strong>Nunc</strong></span> 
     </span>
    </p>
   </div>
   <div class='ocr_carea' id='block_1_3' title="bbox 264 2469 1329 2671">
    <p class='ocr_par' dir='ltr' id='par_1_4' title="bbox 264 2469 1329 2671">
     <span class='ocr_line' id='line_1_19' title="bbox 264 2469 1328 2562; baseline 0.004 -30"><span class='ocrx_word' id='word_1_117' title='bbox 264 2490 346 2534; x_wconf 87' lang='lat' dir='ltr'><strong>vero</strong></span> <span class='ocrx_word' id='word_1_118' title='bbox 369 2469 588 2558; x_wconf 68' lang='lat' dir='ltr'><strong>increbuitffi)</strong></span> <span class='ocrx_word' id='word_1_119' title='bbox 610 2473 753 2562; x_wconf 88' lang='lat' dir='ltr'><strong>reperiri</strong></span> <span class='ocrx_word' id='word_1_120' title='bbox 782 2474 888 2540; x_wconf 89' lang='lat' dir='ltr'><strong>etiam</strong></span> <span class='ocrx_word' id='word_1_121' title='bbox 915 2473 953 2538; x_wconf 90' lang='lat' dir='ltr'><strong>in</strong></span> <span class='ocrx_word' id='word_1_122' title='bbox 975 2471 1115 2538; x_wconf 80' lang='lat' dir='ltr'><strong>scholiis</strong></span> <span class='ocrx_word' id='word_1_123' title='bbox 1138 2470 1328 2538; x_wconf 81' lang='lat' dir='ltr'><strong>Pindaricis</strong></span> 
     </span>
     <span class='ocr_line' id='line_1_20' title="bbox 264 2581 1329 2671; baseline 0.002 -27"><span class='ocrx_word' id='word_1_124' title='bbox 264 2601 511 2666; x_wconf 88' lang='lat' dir='ltr'><strong>nonnunquam</strong></span> <span class='ocrx_word' id='word_1_125' title='bbox 523 2581 636 2670; x_wconf 86' lang='grc' dir='ltr'><strong><em>Χάρης</em></strong></span> <span class='ocrx_word' id='word_1_126' title='bbox 649 2583 706 2649; x_wconf 92' lang='lat' dir='ltr'><strong>vel</strong></span> <span class='ocrx_word' id='word_1_127' title='bbox 724 2581 832 2669; x_wconf 84' lang='grc' dir='ltr'><strong><em>Χάρις</em></strong></span> <span class='ocrx_word' id='word_1_128' title='bbox 854 2604 918 2671; x_wconf 91' lang='lat' dir='ltr'><strong>pro</strong></span> <span class='ocrx_word' id='word_1_129' title='bbox 941 2581 1120 2647; x_wconf 89' lang='lat' dir='ltr'><strong>usitatiore</strong></span> <span class='ocrx_word' id='word_1_130' title='bbox 1144 2587 1267 2666; x_wconf 84' lang='grc' dir='ltr'><strong><em>Χαῖρις</em></strong></span> <span class='ocrx_word' id='word_1_131' title='bbox 1289 2589 1329 2648; x_wconf 89' lang='lat' dir='ltr'><strong>ut</strong></span> 
     </span>
    </p>
   </div>
   <div class='ocr_carea' id='block_1_4' title="bbox 264 2689 1330 2886">
    <p class='ocr_par' dir='ltr' id='par_1_5' title="bbox 264 2689 1330 2886">
     <span class='ocr_line' id='line_1_21' title="bbox 265 2689 1328 2777; baseline 0.001 -24"><span class='ocrx_word' id='word_1_132' title='bbox 265 2689 378 2777; x_wconf 81' lang='grc' dir='ltr'><strong><em>Χάρης</em></strong></span> <span class='ocrx_word' id='word_1_133' title='bbox 400 2690 515 2771; x_wconf 69' lang='lat' dir='ltr'><strong>schol„</strong></span> <span class='ocrx_word' id='word_1_134' title='bbox 538 2693 640 2776; x_wconf 90' lang='lat' dir='ltr'><strong>Pyth.</strong></span> <span class='ocrx_word' id='word_1_135' title='bbox 664 2692 722 2774; x_wconf 89' lang='lat' dir='ltr'><strong>IV,</strong></span> <span class='ocrx_word' id='word_1_136' title='bbox 740 2693 781 2756; x_wconf 88' lang='grc'><strong>61</strong></span> <span class='ocrx_word' id='word_1_137' title='bbox 805 2692 843 2756; x_wconf 92' lang='lat' dir='ltr'><strong>in</strong></span> <span class='ocrx_word' id='word_1_138' title='bbox 865 2690 939 2756; x_wconf 90' lang='lat' dir='ltr'><strong>cod.</strong></span> <span class='ocrx_word' id='word_1_139' title='bbox 956 2693 1120 2756; x_wconf 88' lang='lat' dir='ltr'><strong>Laurent.</strong></span> <span class='ocrx_word' id='word_1_140' title='bbox 1138 2691 1245 2773; x_wconf 58' lang='lat'><strong>3252</strong></span> <span class='ocrx_word' id='word_1_141' title='bbox 1270 2692 1328 2777; x_wconf 85' lang='lat' dir='ltr'><strong>(D)</strong></span> 
     </span>
     <span class='ocr_line' id='line_1_22' title="bbox 264 2800 1330 2886; baseline 0.003 -22"><span class='ocrx_word' id='word_1_142' title='bbox 264 2801 452 2885; x_wconf 88' lang='lat' dir='ltr'><strong>eodemque</strong></span> <span class='ocrx_word' id='word_1_143' title='bbox 475 2804 548 2866; x_wconf 90' lang='lat' dir='ltr'><strong>loco</strong></span> <span class='ocrx_word' id='word_1_144' title='bbox 572 2803 609 2866; x_wconf 95' lang='lat' dir='ltr'><strong>in</strong></span> <span class='ocrx_word' id='word_1_145' title='bbox 633 2801 826 2868; x_wconf 80' lang='lat' dir='ltr'><strong>cod.ParIs.</strong></span> <span class='ocrx_word' id='word_1_146' title='bbox 851 2823 902 2886; x_wconf 89' lang='lat' dir='ltr'><strong>gr.</strong></span> <span class='ocrx_word' id='word_1_147' title='bbox 927 2801 1015 2865; x_wconf 79' lang='lat'>2774</span> <span class='ocrx_word' id='word_1_148' title='bbox 1039 2801 1093 2886; x_wconf 78' lang='lat' dir='ltr'><strong>(P)</strong></span> <span class='ocrx_word' id='word_1_149' title='bbox 1118 2801 1236 2886; x_wconf 84' lang='grc' dir='ltr'><strong><em>Χάρις.</em></strong></span> <span class='ocrx_word' id='word_1_150' title='bbox 1262 2800 1330 2867; x_wconf 87' lang='lat' dir='ltr'><strong>Sed</strong></span> 
     </span>
    </p>
   </div>
   <div class='ocr_carea' id='block_1_5' title="bbox 263 3044 1332 4302">
    <p class='ocr_par' dir='ltr' id='par_1_6' title="bbox 264 3044 1330 3574">
     <span class='ocr_line' id='line_1_23' title="bbox 376 3044 1328 3118; baseline 0.001 -18"><span class='ocrx_word' id='word_1_151' title='bbox 376 3049 422 3112; x_wconf 80' lang='lat'><strong>15)</strong></span> <span class='ocrx_word' id='word_1_152' title='bbox 439 3045 561 3100; x_wconf 79' lang='lat' dir='ltr'><strong>Festive</strong></span> <span class='ocrx_word' id='word_1_153' title='bbox 574 3051 644 3100; x_wconf 88' lang='lat' dir='ltr'><strong>eunt</strong></span> <span class='ocrx_word' id='word_1_154' title='bbox 656 3047 802 3102; x_wconf 89' lang='lat' dir='ltr'><strong>nonnulla</strong></span> <span class='ocrx_word' id='word_1_155' title='bbox 816 3047 1003 3102; x_wconf 84' lang='lat' dir='ltr'><strong>librariorum</strong></span> <span class='ocrx_word' id='word_1_156' title='bbox 1014 3044 1130 3110; x_wconf 89' lang='lat' dir='ltr'><strong>menda,</strong></span> <span class='ocrx_word' id='word_1_157' title='bbox 1144 3063 1219 3116; x_wconf 88' lang='lat' dir='ltr'><strong>quae</strong></span> <span class='ocrx_word' id='word_1_158' title='bbox 1229 3064 1328 3118; x_wconf 91' lang='lat' dir='ltr'><strong>quam·</strong></span> 
     </span>
     <span class='ocr_line' id='line_1_24' title="bbox 264 3136 1330 3203; baseline 0.003 -13"><span class='ocrx_word' id='word_1_159' title='bbox 264 3136 311 3190; x_wconf 90' lang='lat' dir='ltr'><strong>vis</strong></span> <span class='ocrx_word' id='word_1_160' title='bbox 330 3153 397 3192; x_wconf 88' lang='lat' dir='ltr'><strong>cum</strong></span> <span class='ocrx_word' id='word_1_161' title='bbox 416 3137 474 3191; x_wconf 86' lang='lat' dir='ltr'><strong>bac</strong></span> <span class='ocrx_word' id='word_1_162' title='bbox 493 3136 748 3200; x_wconf 84' lang='lat' dir='ltr'><strong>disputatiuncula</strong></span> <span class='ocrx_word' id='word_1_163' title='bbox 765 3138 842 3193; x_wconf 80' lang='lat' dir='ltr'><strong>laxa‘</strong></span> <span class='ocrx_word' id='word_1_164' title='bbox 857 3137 1046 3203; x_wconf 85' lang='lat' dir='ltr'><strong>cohaereant,</strong></span> <span class='ocrx_word' id='word_1_165' title='bbox 1075 3137 1126 3191; x_wconf 89' lang='lat' dir='ltr'><strong>hic</strong></span> <span class='ocrx_word' id='word_1_166' title='bbox 1153 3137 1330 3194; x_wconf 86' lang='lat' dir='ltr'><strong>subnotasse</strong></span> 
     </span>
     <span class='ocr_line' id='line_1_25' title="bbox 265 3228 1329 3301; baseline 0.002 -19"><span class='ocrx_word' id='word_1_167' title='bbox 265 3245 325 3282; x_wconf 91' lang='lat' dir='ltr'><strong>non</strong></span> <span class='ocrx_word' id='word_1_168' title='bbox 355 3228 482 3300; x_wconf 83' lang='lat' dir='ltr'><strong>pigebit:</strong></span> <span class='ocrx_word' id='word_1_169' title='bbox 514 3228 606 3284; x_wconf 88' lang='lat' dir='ltr'><strong>schol.</strong></span> <span class='ocrx_word' id='word_1_170' title='bbox 636 3228 790 3300; x_wconf 85' lang='lat' dir='ltr'><strong>Aristoph.</strong></span> <span class='ocrx_word' id='word_1_171' title='bbox 809 3228 922 3300; x_wconf 81' lang='lat' dir='ltr'><strong>Equitt.</strong></span> <span class='ocrx_word' id='word_1_172' title='bbox 953 3229 1004 3282; x_wconf 82' lang='lat'><strong>831</strong></span> <span class='ocrx_word' id='word_1_173' title='bbox 1038 3234 1138 3284; x_wconf 86' lang='lat' dir='ltr'><strong>exstat</strong></span> <span class='ocrx_word' id='word_1_174' title='bbox 1164 3228 1253 3299; x_wconf 77' lang='grc' dir='ltr'><strong><em>Χάρης</em></strong></span> <span class='ocrx_word' id='word_1_175' title='bbox 1275 3246 1329 3301; x_wconf 88' lang='lat' dir='ltr'><strong>pro</strong></span> 
     </span>
     <span class='ocr_line' id='line_1_26' title="bbox 266 3317 1330 3392; baseline -0.001 -18"><span class='ocrx_word' id='word_1_176' title='bbox 266 3319 360 3386; x_wconf 76' lang='grc' dir='ltr'><strong><em>Πάχης,</em></strong></span> <span class='ocrx_word' id='word_1_177' title='bbox 391 3319 475 3375; x_wconf 92' lang='lat' dir='ltr'><strong>Diod.</strong></span> <span class='ocrx_word' id='word_1_178' title='bbox 496 3320 564 3386; x_wconf 88' lang='lat' dir='ltr'><strong>XII,</strong></span> <span class='ocrx_word' id='word_1_179' title='bbox 584 3322 620 3375; x_wconf 75' lang='lat'><strong>35</strong></span> <span class='ocrx_word' id='word_1_180' title='bbox 650 3318 790 3392; x_wconf 76' lang='grc' dir='ltr'><strong><em>Κράτητος</em></strong></span> <span class='ocrx_word' id='word_1_181' title='bbox 818 3337 873 3391; x_wconf 88' lang='lat' dir='ltr'><strong>pro</strong></span> <span class='ocrx_word' id='word_1_182' title='bbox 907 3317 1031 3390; x_wconf 74' lang='grc' dir='ltr'><strong><em>Χάρητος</em></strong></span> <span class='ocrx_word' id='word_1_183' title='bbox 1053 3321 1118 3386; x_wconf 90' lang='lat' dir='ltr'><strong>(em.</strong></span> <span class='ocrx_word' id='word_1_184' title='bbox 1142 3318 1330 3387; x_wconf 87' lang='lat' dir='ltr'><strong>Boeckhius)‚</strong></span> 
     </span>
     <span class='ocr_line' id='line_1_27' title="bbox 265 3409 1330 3481; baseline 0.001 -17"><span class='ocrx_word' id='word_1_185' title='bbox 265 3411 387 3467; x_wconf 84' lang='lat' dir='ltr'><strong>Anthol.</strong></span> <span class='ocrx_word' id='word_1_186' title='bbox 406 3412 530 3468; x_wconf 89' lang='lat' dir='ltr'><strong>Planud.</strong></span> <span class='ocrx_word' id='word_1_187' title='bbox 549 3412 589 3466; x_wconf 93' lang='lat' dir='ltr'><strong>lV</strong></span> <span class='ocrx_word' id='word_1_188' title='bbox 606 3414 641 3468; x_wconf 80' lang='lat'><strong>82</strong></span> <span class='ocrx_word' id='word_1_189' title='bbox 659 3410 749 3478; x_wconf 75' lang='grc' dir='ltr'><strong><em>Λάχης</em></strong></span> <span class='ocrx_word' id='word_1_190' title='bbox 767 3428 820 3481; x_wconf 87' lang='lat' dir='ltr'><strong>pro</strong></span> <span class='ocrx_word' id='word_1_191' title='bbox 832 3410 931 3481; x_wconf 74' lang='grc' dir='ltr'><strong><em>Χάρης,</em></strong></span> <span class='ocrx_word' id='word_1_192' title='bbox 960 3409 1041 3470; x_wconf 86' lang='lat' dir='ltr'><strong>Curt.</strong></span> <span class='ocrx_word' id='word_1_193' title='bbox 1053 3409 1128 3478; x_wconf 86' lang='lat' dir='ltr'>VIII,</span> <span class='ocrx_word' id='word_1_194' title='bbox 1149 3413 1190 3478; x_wconf 87' lang='lat'><strong>11,</strong></span> <span class='ocrx_word' id='word_1_195' title='bbox 1202 3413 1236 3465; x_wconf 90' lang='grc'><strong>10</strong></span> <span class='ocrx_word' id='word_1_196' title='bbox 1255 3410 1330 3466; x_wconf 85' lang='lat' dir='ltr'><strong>Cha·</strong></span> 
     </span>
     <span class='ocr_line' id='line_1_28' title="bbox 266 3503 528 3574; baseline 0.008 -18"><span class='ocrx_word' id='word_1_197' title='bbox 266 3519 316 3556; x_wconf 89' lang='lat' dir='ltr'><strong>rus</strong></span> <span class='ocrx_word' id='word_1_198' title='bbox 334 3521 388 3574; x_wconf 88' lang='lat' dir='ltr'><strong>pro</strong></span> <span class='ocrx_word' id='word_1_199' title='bbox 407 3503 528 3558; x_wconf 84' lang='lat' dir='ltr'><strong>Chares.</strong></span> 
     </span>
    </p>

    <p class='ocr_par' dir='ltr' id='par_1_7' title="bbox 263 3591 1332 4302">
     <span class='ocr_line' id='line_1_29' title="bbox 372 3591 1330 3665; baseline 0 -19"><span class='ocrx_word' id='word_1_200' title='bbox 372 3594 416 3659; x_wconf 82' lang='grc'><strong>16)</strong></span> <span class='ocrx_word' id='word_1_201' title='bbox 434 3594 567 3649; x_wconf 89' lang='lat' dir='ltr'><strong>Arthuro</strong></span> <span class='ocrx_word' id='word_1_202' title='bbox 585 3593 739 3662; x_wconf 88' lang='lat' dir='ltr'><strong>Ludwich,</strong></span> <span class='ocrx_word' id='word_1_203' title='bbox 765 3595 911 3665; x_wconf 88' lang='lat' dir='ltr'><strong>magistro</strong></span> <span class='ocrx_word' id='word_1_204' title='bbox 929 3591 1102 3660; x_wconf 87' lang='lat' dir='ltr'><strong>carissumo,</strong></span> <span class='ocrx_word' id='word_1_205' title='bbox 1121 3597 1152 3648; x_wconf 86' lang='lat' dir='ltr'><strong>et</strong></span> <span class='ocrx_word' id='word_1_206' title='bbox 1170 3592 1252 3648; x_wconf 83' lang='lat' dir='ltr'><strong>Julio</strong></span> <span class='ocrx_word' id='word_1_207' title='bbox 1271 3591 1330 3647; x_wconf 79' lang='lat' dir='ltr'><strong>Sei·</strong></span> 
     </span>
     <span class='ocr_line' id='line_1_30' title="bbox 267 3683 1332 3754; baseline 0.002 -17"><span class='ocrx_word' id='word_1_208' title='bbox 267 3685 338 3752; x_wconf 87' lang='lat' dir='ltr'><strong>geti,</strong></span> <span class='ocrx_word' id='word_1_209' title='bbox 357 3683 429 3754; x_wconf 91' lang='lat' dir='ltr'><strong>phil.</strong></span> <span class='ocrx_word' id='word_1_210' title='bbox 450 3684 502 3748; x_wconf 73' lang='lat' dir='ltr'><strong>dr,</strong></span> <span class='ocrx_word' id='word_1_211' title='bbox 521 3684 686 3740; x_wconf 85' lang='lat' dir='ltr'><strong>liberaliter</strong></span> <span class='ocrx_word' id='word_1_212' title='bbox 705 3684 954 3742; x_wconf 88' lang='lat' dir='ltr'><strong>intercedentibus</strong></span> <span class='ocrx_word' id='word_1_213' title='bbox 976 3683 1051 3738; x_wconf 91' lang='lat' dir='ltr'><strong>mihi</strong></span> <span class='ocrx_word' id='word_1_214' title='bbox 1070 3684 1205 3754; x_wconf 85' lang='lat' dir='ltr'><strong>contigit,</strong></span> <span class='ocrx_word' id='word_1_215' title='bbox 1230 3689 1264 3738; x_wconf 90' lang='lat' dir='ltr'><strong>ut</strong></span> <span class='ocrx_word' id='word_1_216' title='bbox 1281 3701 1332 3740; x_wconf 86' lang='lat' dir='ltr'><strong>va·</strong></span> 
     </span>
     <span class='ocr_line' id='line_1_31' title="bbox 266 3773 1330 3848; baseline 0.002 -20"><span class='ocrx_word' id='word_1_217' title='bbox 266 3773 404 3829; x_wconf 88' lang='lat' dir='ltr'><strong>rietatem</strong></span> <span class='ocrx_word' id='word_1_218' title='bbox 422 3776 585 3832; x_wconf 88' lang='lat' dir='ltr'><strong>lectionum</strong></span> <span class='ocrx_word' id='word_1_219' title='bbox 603 3776 693 3847; x_wconf 86' lang='lat' dir='ltr'><strong>longe</strong></span> <span class='ocrx_word' id='word_1_220' title='bbox 712 3776 907 3848; x_wconf 87' lang='lat' dir='ltr'><strong>plurimarum</strong></span> <span class='ocrx_word' id='word_1_221' title='bbox 926 3774 1050 3830; x_wconf 88' lang='lat' dir='ltr'><strong>Pindari</strong></span> <span class='ocrx_word' id='word_1_222' title='bbox 1069 3775 1259 3840; x_wconf 87' lang='lat' dir='ltr'><strong>scholiorum,</strong></span> <span class='ocrx_word' id='word_1_223' title='bbox 1277 3774 1330 3831; x_wconf 92' lang='lat' dir='ltr'><strong>ubi</strong></span> 
     </span>
     <span class='ocr_line' id='line_1_32' title="bbox 263 3864 1330 3924; baseline 0 -4"><span class='ocrx_word' id='word_1_224' title='bbox 263 3864 419 3921; x_wconf 78' lang='lat' dir='ltr'><strong>Chaeridis</strong></span> <span class='ocrx_word' id='word_1_225' title='bbox 436 3867 705 3922; x_wconf 86' lang='lat' dir='ltr'><strong>nomeninvenitur</strong></span> <span class='ocrx_word' id='word_1_226' title='bbox 724 3884 761 3923; x_wconf 86' lang='lat' dir='ltr'><strong>ax</strong></span> <span class='ocrx_word' id='word_1_227' title='bbox 770 3867 873 3923; x_wconf 89' lang='lat' dir='ltr'><strong>Abalii</strong></span> <span class='ocrx_word' id='word_1_228' title='bbox 890 3868 1011 3924; x_wconf 84' lang='lat' dir='ltr'><strong>illorum</strong></span> <span class='ocrx_word' id='word_1_229' title='bbox 1020 3865 1145 3922; x_wconf 87' lang='lat' dir='ltr'><strong>editoris</strong></span> <span class='ocrx_word' id='word_1_230' title='bbox 1164 3866 1330 3922; x_wconf 86' lang='lat' dir='ltr'><strong>doctissimi</strong></span> 
     </span>
     <span class='ocr_line' id='line_1_33' title="bbox 265 3956 1328 4030; baseline 0.006 -20"><span class='ocrx_word' id='word_1_231' title='bbox 265 3975 334 4011; x_wconf 86' lang='lat' dir='ltr'><strong>mse.</strong></span> <span class='ocrx_word' id='word_1_232' title='bbox 359 3959 544 4028; x_wconf 86' lang='lat' dir='ltr'><strong>supellectile</strong></span> <span class='ocrx_word' id='word_1_233' title='bbox 571 3959 701 4014; x_wconf 91' lang='lat' dir='ltr'><strong>nondum</strong></span> <span class='ocrx_word' id='word_1_234' title='bbox 718 3959 750 4014; x_wconf 90' lang='lat' dir='ltr'><strong>in</strong></span> <span class='ocrx_word' id='word_1_235' title='bbox 777 3958 931 4030; x_wconf 87' lang='lat' dir='ltr'><strong>publicum</strong></span> <span class='ocrx_word' id='word_1_236' title='bbox 954 3957 1034 4012; x_wconf 87' lang='lat' dir='ltr'><strong>edita</strong></span> <span class='ocrx_word' id='word_1_237' title='bbox 1062 3975 1081 4012; x_wconf 89' lang='lat' dir='ltr'><strong>a</strong></span> <span class='ocrx_word' id='word_1_238' title='bbox 1099 3956 1229 4016; x_wconf 83' lang='lat' dir='ltr'><strong>Rudolfo</strong></span> <span class='ocrx_word' id='word_1_239' title='bbox 1247 3956 1328 4016; x_wconf 76' lang='lat' dir='ltr'><strong>veri,</strong></span> 
     </span>
     <span class='ocr_line' id='line_1_34' title="bbox 265 4048 1329 4123; baseline -0.001 -20"><span class='ocrx_word' id='word_1_240' title='bbox 265 4049 342 4119; x_wconf 77' lang='lat' dir='ltr'><strong>proi.</strong></span> <span class='ocrx_word' id='word_1_241' title='bbox 361 4049 501 4119; x_wconf 89' lang='lat' dir='ltr'><strong>Budensi,</strong></span> <span class='ocrx_word' id='word_1_242' title='bbox 520 4051 689 4122; x_wconf 85' lang='lat' dir='ltr'><strong>acciperem,</strong></span> <span class='ocrx_word' id='word_1_243' title='bbox 712 4051 820 4123; x_wconf 88' lang='lat' dir='ltr'><strong>quibus</strong></span> <span class='ocrx_word' id='word_1_244' title='bbox 839 4049 976 4106; x_wconf 87' lang='lat' dir='ltr'><strong>omnibus</strong></span> <span class='ocrx_word' id='word_1_245' title='bbox 995 4049 1087 4106; x_wconf 91' lang='lat' dir='ltr'><strong>etiam</strong></span> <span class='ocrx_word' id='word_1_246' title='bbox 1104 4049 1134 4104; x_wconf 92' lang='lat' dir='ltr'><strong>h.</strong></span> <span class='ocrx_word' id='word_1_247' title='bbox 1153 4048 1173 4103; x_wconf 91' lang='lat'><strong>1.</strong></span> <span class='ocrx_word' id='word_1_248' title='bbox 1191 4065 1243 4120; x_wconf 87' lang='lat' dir='ltr'><strong>pro</strong></span> <span class='ocrx_word' id='word_1_249' title='bbox 1263 4066 1329 4119; x_wconf 82' lang='lat' dir='ltr'><strong>gre·</strong></span> 
     </span>
     <span class='ocr_line' id='line_1_35' title="bbox 266 4139 1328 4213; baseline -0.003 -20"><span class='ocrx_word' id='word_1_250' title='bbox 266 4140 391 4196; x_wconf 87' lang='lat' dir='ltr'><strong>vissima</strong></span> <span class='ocrx_word' id='word_1_251' title='bbox 409 4142 441 4196; x_wconf 92' lang='lat' dir='ltr'><strong>in</strong></span> <span class='ocrx_word' id='word_1_252' title='bbox 468 4142 526 4198; x_wconf 92' lang='lat' dir='ltr'><strong>hoc</strong></span> <span class='ocrx_word' id='word_1_253' title='bbox 554 4141 696 4213; x_wconf 87' lang='lat' dir='ltr'><strong>opusculo</strong></span> <span class='ocrx_word' id='word_1_254' title='bbox 727 4139 906 4196; x_wconf 88' lang='lat' dir='ltr'><strong>elaborando</strong></span> <span class='ocrx_word' id='word_1_255' title='bbox 930 4156 985 4211; x_wconf 87' lang='lat' dir='ltr'><strong>ope</strong></span> <span class='ocrx_word' id='word_1_256' title='bbox 1008 4143 1092 4196; x_wconf 85' lang='lat' dir='ltr'><strong>iuvat</strong></span> <span class='ocrx_word' id='word_1_257' title='bbox 1111 4139 1223 4210; x_wconf 89' lang='lat' dir='ltr'><strong>gratias</strong></span> <span class='ocrx_word' id='word_1_258' title='bbox 1243 4155 1328 4210; x_wconf 85' lang='lat' dir='ltr'><strong>agere</strong></span> 
     </span>
     <span class='ocr_line' id='line_1_36' title="bbox 264 4233 527 4302; baseline 0.008 -16"><span class='ocrx_word' id='word_1_259' title='bbox 264 4249 355 4302; x_wconf 87' lang='lat' dir='ltr'><strong>quam</strong></span> <span class='ocrx_word' id='word_1_260' title='bbox 373 4233 527 4288; x_wconf 89' lang='lat' dir='ltr'><strong>maximas.</strong></span> 
     </span>
    </p>
   </div>
   <div class='ocr_carea' id='block_1_6' title="bbox 0 0 1582 4966">
    <p class='ocr_par' dir='ltr' id='par_1_8' title="bbox 0 0 1582 4966">
     <span class='ocr_line' id='line_1_37' title="bbox 0 0 1582 4966; baseline 0 0"><span class='ocrx_word' id='word_1_261' title='bbox 0 0 1582 4966; x_wconf 95' lang='lat' dir='ltr'><strong> </strong></span> 
     </span>
    </p>
   </div>
  </div>
 </body>
</html>
