3156 4966
754 499 931 555 ..24-

311 665 453 732 Seleuco
478 667 510 732 a'v
534 665 734 751 Συμμίκτοις
756 669 977 756 Apollonium
1000 669 1253 758 Stymphalidas
1271 672 1374 736 πλωί-

312 779 371 855 δας
394 777 585 864 appellasse
620 783 823 845 auctorest.
870 779 974 844 Cuius
1005 779 1086 844 libri
1113 779 1263 866 vestigia
1291 779 1376 846 alibi

310 909 380 951 uon
414 887 652 966 inveniuntur,
688 908 782 971 nam,
803 885 895 971 quod
923 884 1177 976 Susamihlius2)
1213 896 1376 976 quattuor

310 997 489 1062 minimum
511 997 616 1062 libros
650 996 755 1061 fuisse
784 995 952 1060 conclusit
976 1019 1018 1062 ex
1040 996 1182 1063 Pseudo.
1208 977 1307 1085 Apul.
1333 999 1375 1065 de

310 1105 462 1191 orthogr.
487 1105 506 1192 ξ
529 1111 558 1184 2,
582 1105 643 1171 ubi
667 1106 708 1170 de
731 1106 846 1170 Busiri
869 1114 905 1170 et
919 1105 1067 1173 Hercule
1086 1107 1202 1192 agitur
1226 1110 1375 1174 ‘auctore

312 1213 478 1300 Argone3)
502 1216 538 1279 in
562 1224 682 1300 quarto
698 1215 874 1302 Apollonii
898 1217 1152 1282 commentario’
1169 1223 1230 1284 ott.
1249 1218 1375 1284 festivo

310 1347 422 1390 errore
445 1324 567 1390 ductus
590 1346 623 1390 v.
648 1323 680 1387 d.
704 1325 894 1409 evulgavit.
919 1323 1042 1390 Omisit
1066 1325 1156 1390 enirn
1179 1326 1375 1412 fragmenta

310 1435 369 1498 illa
392 1433 434 1499 de
458 1433 705 1520 orthographia
727 1433 876 1519 primum
904 1435 947 1500 ab
971 1437 1106 1519 Angelo
1130 1435 1219 1501 Maio
1242 1435 1375 1502 Romae

189 1599 192 1608 .
314 1541 407 1623 1823,
442 1549 517 1608 tum
550 1543 594 1607 ab
628 1542 765 1608 Osanno
789 1543 982 1608 Darmstad.
1008 1545 1093 1611 1826
1126 1545 1257 1634 publici
1291 1545 1375 1610 iuris

311 1649 412 1732 faeta,
451 1651 582 1717 falsarii
620 1651 793 1716 cuiusdam
830 1653 1030 1719 recentioris
1073 1653 1256 1720 memoriae
1293 1677 1376 1737 esse,

309 1768 349 1825 ut
380 1761 518 1827 videtur
552 1762 660 1827 Caelii
690 1761 890 1846 Rhodigini.
926 1762 1128 1848 professoris
1158 1763 1373 1829 Ferrarensis

309 1868 561 1957 (rma-1512),
574 1870 664 1956 quod
676 1871 1004 1958 contraOsannum4)
1016 1872 1207 1938 luculenter
1219 1872 1377 1959 exposuit

309 1979 535 2066 Madvigium)
568 1983 769 2066 monuitque
803 1980 914 2047 denuo
950 1979 988 2046 Ο.
1025 1980 1200 2068 Cruaius.⁶)
1234 2021 1274 2029 -—
1310 1981 1375 2047 Sed

309 2089 487 2155 redeamus
504 2089 547 2155 ad
563 2089 755 2156 Charetem.
785 2091 903 2155 Etiam
919 2089 997 2176 περὶ
1012 2089 1137 2175 χρόνων
1152 2090 1225 2156 sive
1241 2091 1374 2178 χρονικὰ

256 2234 261 2245 ·
310 2206 465 2265 nostrum
488 2200 664 2286 scripsisse
688 2224 731 2265 ex
749 2200 857 2284 altero
881 2199 984 2268 schol.
998 2201 1110 2288 Apoll.
1129 2199 1188 2283 IV,
1214 2202 1308 2284 1470,
1333 2200 1375 2265 de

311 2331 377 2393 quo
393 2308 429 2372 in
444 2308 557 2374 fronte
570 2309 869 2375 commentationis
881 2308 1066 2396 diximusff)
1081 2309 1266 2395 colligitur,
1284 2310 1375 2375 unde

311 2418 569 2504 Polyphemum,
603 2416 696 2484 Eleti
731 2417 839 2484 filium
862 2440 1035 2503 unumque
1058 2419 1100 2484 de
1135 2441 1241 2504 grege
1265 2424 1376 2505 Argo-

310 2534 503 2611 nautarum,
528 2529 626 2594 Cium
650 2528 860 2616 oppidulum,
884 2530 920 2592 in
936 2527 1048 2610 Mysia
1070 2528 1238 2610 relictum,
1264 2527 1376 2596 condi·

311 2636 400 2702 disse
435 2638 600 2702 clarescit.
650 2638 722 2702 Nec
757 2659 838 2703 vero
879 2635 922 2701 de
957 2645 1159 2722 argumento
1195 2635 1376 2721 indolaque

311 2748 468 2830 χρονικιῖν
492 2747 577 2812 certi
593 2746 776 2832 quicquam
791 2745 963 2813 affirmare
979 2746 1071 2824 licet,
1092 2744 1161 2810 nisi
1176 2744 1266 2831 quod
1289 2767 1376 2811 com·

311 2856 426 2943 plures
448 2856 553 2922 libros
564 2855 670 2921 fuisse
687 2879 729 2920 ex
744 2856 863 2921 eodem
878 2855 1007 2921 scholio
1024 2854 1226 2944 acoepImus,
1250 2853 1376 2941 quippe

313 2986 391 3030 cum
414 2964 515 3051 primi
537 2965 617 3031 libri
636 2965 922 3054 scholiographus
937 2965 1146 3030 mentonem
1160 2963 1292 3030 fecerit.
1320 2963 1377 3027 An

310 3097 391 3140 vero
416 3074 596 3140 Charetem
624 3074 730 3139 etiam
764 3074 808 3138 ad
834 3073 1012 3139 historiam
1035 3071 1317 3138 conscribendam
1341 3094 1377 3136 se

312 3183 503 3270 applicasse
526 3183 745 3276 putabimus?
774 3183 853 3249 Non
877 3182 960 3247 satis
982 3181 1171 3270 probabile,
1196 3189 1288 3247 certe
1302 3203 1377 3267 pro·

311 3294 460 3359 habilius
488 3279 625 3358 videtur
659 3315 736 3358 eum
770 3292 952 3380 praecipue
987 3291 1231 3376 grammaticae
1255 3289 1378 3356 studiis

312 3423 450 3489 operam
485 3401 631 3483 dedisse,
671 3423 781 3487 neque
815 3401 905 3467 inter
939 3401 1182 3486 grammaticos
1216 3399 1378 3464 infimum

418 3657 445 3726 2)
464 3656 482 3710 l.
503 3673 527 3710 c.
546 3656 575 3708 II
593 3673 620 3725 p.
640 3659 687 3712 151
710 3654 777 3709 adn.
797 3659 840 3712 23.

371 3757 372 3762 ’
419 3752 445 3817 3)
466 3748 523 3802 Pro
543 3747 679 3818 ‘Argoae'
708 3745 784 3817 legit
802 3743 1000 3800 Susamihlius
1025 3743 1043 3797 1.
1063 3761 1087 3798 c.
1107 3743 1270 3808 ‘Charone’,
1291 3759 1378 3814 quem

312 3855 379 3892 cum
398 3837 523 3894 Charete
541 3845 644 3894 nostro
673 3845 702 3893 et
721 3836 896 3892 Naucratito
920 3835 1000 3907 apud
1020 3833 1141 3890 Suidam
1167 3833 1289 3889 ladauto
1308 3851 1379 3889 aun-

312 3929 379 3984 dom
396 3937 485 4002 putat
503 3931 540 3986 cf.
558 3931 698 3995 Joensen,
719 3927 754 3982 ds
774 3927 891 3997 scriptt.
910 3926 979 3982 hist.
998 3927 1070 3998 phil.
1089 3925 1128 3992 II,
1146 3944 1173 3997 p.
1193 3931 1244 3992 7,4.

417 4023 445 4089 4)
462 4021 567 4078 Jahnii
586 4039 654 4076 ann.
673 4020 748 4075 XIII
769 4019 868 4089 (1829),
886 4034 915 4088 p,
934 4023 995 4076 306.

418 4115 445 4182 b)
466 4129 566 4184 opusc.
584 4115 598 4167 I
616 4131 644 4184 p.
665 4119 679 4169 1
700 4130 742 4182 sq.

419 4211 448 4271 6)
467 4204 574 4260 Philol.
594 4203 703 4256 XLVII
723 4204 823 4273 (1889),
842 4219 870 4272 p.
891 4207 944 4258 434
964 4221 1007 4273 sq.

418 4299 444 4358 7)
464 4297 560 4367 Supra
577 4314 604 4366 p.
622 4301 663 4352 11.
