3156 4966
665 494 843 552 ,61-

227 665 281 728 61.
311 664 384 731 188.
410 663 483 729 195.
508 665 583 731 259.
607 665 684 733 446.
700 665 779 748 459;
808 664 914 731 ceteri
937 670 1017 730 sunt
1027 664 1226 754 interpretis
1238 667 1295 733 vel

226 771 438 838 aesthetioen
469 772 636 839 redolent:
671 773 785 840 scholi.
818 774 915 859 Pyth.
939 775 997 858 lv,
1034 775 1085 840 18.
1111 776 1184 842 156.
1209 777 1292 857 3133

226 881 325 948 Nem.
349 883 376 962 I,
399 882 452 949 49.

335 1011 519 1079 Ordiamur
540 1011 649 1098 igitur
672 1011 716 1076 ab
752 1010 870 1077 ordine
893 1013 1007 1100 priore
1040 1013 1194 1079 looorum
1227 1017 1293 1101 pri-

227 1143 387 1206 mumque
410 1121 560 1187 examini
584 1121 739 1188 subicere
772 1121 878 1187 lioeat
900 1122 1004 1188 schol.
1029 1122 1132 1207 Pyth.
1155 1123 1214 1204 IV,
1238 1125 1292 1205 61,

167 1261 169 1264 ·
227 1236 267 1295 ut
289 1231 471 1318 extemplo,
496 1230 583 1316 quod
606 1253 710 1318 supra
725 1229 768 1296 de
786 1231 993 1297 coniecturis
1009 1229 1292 1320 Choeridisprae·

228 1338 381 1404 dicatum
396 1344 457 1422 est,
473 1338 713 1405 oonfirmetum
728 1339 858 1407 videas.
904 1339 1104 1426 Legebetur
1119 1348 1199 1407 onte
1215 1365 1293 1408 eum
1357 1367 1362 1374 ·

227 1470 278 1515 vs.
302 1450 345 1514 60
369 1471 416 1534 sq.

338 1572 378 1644 ἂν
402 1580 431 1645 d'
455 1579 557 1657 εὐθυς
580 1573 771 1658 ἆπόιξαις’
751 1577 892 1665 αροίιρας

228 1687 380 1775 δεξιτερᾷ
403 1684 611 1775 προτυχών
634 1685 738 1770 ξένιον
759 1685 922 1771 μάστευσε
945 1689 1067 1768 δοῦναι,
1094 1689 1153 1754 ubi
1171 1653 1289 1756 leutio·

226 1817 306 1859 nem
338 1795 510 1881 προτυχών
544 1796 778 1886 improbatam
813 1796 1051 1863 emendavit
1041 1819 1079 1862 m
1117 1799 1290 1882 προτυχόν,

229 1902 320 1987 quod
343 1905 387 1970 ed
411 1903 513 1983 ξένιον
534 1906 679 1990 rettulit,
701 1913 741 1971 ut
764 1907 893 1973 scholio
916 1906 1091 1990 dooemur;
1126 1903 1291 1992 προτυχὸν

228 2013 321 2078 enim
333 2013 508 2080 Choeridis
519 2015 703 2080 lectionem
725 2013 831 2082 fuisse
854 2039 897 2081 ex
912 2015 1008 2084 oodd.
1026 2015 1122 2082 Gott.
1139 2019 1175 2080 et
1189 2015 1291 2081 Rom.

227 2121 297 2187 iam
317 2122 451 2212 pridem
473 2124 646 2211 Bergkiue
662 2131 697 2190 et
709 2124 938 2191 Mommseuus
953 2125 1204 2208 intellexerunt,
1220 2146 1291 2190 non

227 2231 427 2319 παρατυχόν,
451 2232 542 2318 quod
575 2233 634 2298 elii
667 2233 746 2300 libri
767 2255 847 2299 mss.
872 2231 1095 2320 exhibent330)
1129 2231 1174 2316 id,
1210 2234 1291 2317 quie

227 2364 304 2408 oum
326 2348 436 2410 metro
459 2355 604 2431 pugnet,
625 2343 714 2408 nihil
735 2343 804 2408 nisi
825 2343 1172 2430 interpretamentum
1187 2341 1289 2408 Chae·

226 2449 309 2517 ridie
331 2449 491 2519 lectionis
515 2451 682 2540 προτυχόν
718 2454 857 2520 videtur
891 2474 975 2534 esse,
1010 2473 1096 2536 quae
1131 2473 1150 2516 a
1177 2473 1290 2517 recen·

226 2558 370 2624 tioribus
381 2559 525 2628 Pindari
547 2562 623 2631 edd..
647 2586 716 2628 nne
731 2563 816 2629 voce
830 2560 977 2650 probate
991 2566 1095 2644 atque
1109 2560 1290 2628 intextum

226 2673 365 2754 recepta
389 2675 452 2737 est.
497 2671 633 2738 Pariter
667 2671 791 2738 deinde
814 2671 965 2758 palmam
1000 2676 1203 2736 consecutus
1236 2678 1290 2737 eet

225 2797 275 2840 ve.
304 2776 377 2857 189,
402 2777 498 2844 euius
521 2780 676 2852 scholion
697 2780 881 2846 lectionem
904 2778 1000 2846 oodd.
1024 2774 1122 2846 οἷ’καό
1151 2778 1290 2866 ἇρχαίαν

225 2880 370 2966 κομίζων
392 2885 457 2952 hoo
479 2888 580 2955 modo
608 2889 870 2978 interpretetur:
905 2887 1127 2974 παραγώγως
1157 2885 1289 2980 ἐξήγαγε

225 2998 284 3090 τὴν
317 2992 419 3088 ἀρχὴν
453 2992 476 3062 u‘
482 3024 498 3077 ς
531 2997 589 3064 καὶ
617 2995 759 3087 Ὅμηρος
793 2997 870 3084 (Od.
905 3024 925 3064 τ
953 2998 1010 3084 73)
1045 2994 1104 3086 τὴν
1138 2996 1287 3088 ἀνάγκην.

221 3102 394 3197 Ἀνογκαίη
438 3107 499 3195 γάρ
543 3131 644 3197 φησιν
688 3105 869 3196 ἐπείγει.31)
932 3106 1001 3173 Sed
1045 3105 1173 3193 optimo
1214 3106 1288 3173 iure

227 3217 367 3283 Oheerie
391 3218 524 3284 artibus
546 3217 742 3283 huiusmodi
753 3216 1043 3306 interpretatoriie
1056 3215 1189 3281 omissis
1213 3237 1288 3280 oon·

222 3327 305 3393 iecit
316 3324 421 3394 οἴκαδ’
435 3321 536 3412 ἀρχὰν
549 3323 742 3412 ἆγκομίζων,
753 3326 842 3412 quod
854 3323 1005 3412 Bergkio
1021 3321 1288 3414 praecedentem)

327 3601 372 3666 30)
390 3599 538 3658 Nuntium
558 3601 633 3656 setis
651 3606 771 3657 constet
788 3600 878 3670 longe
892 3598 1036 3670 plurimos
1049 3595 1134 3654 oodd.
1146 3596 1287 3666 praebere

221 3692 333 3748 reotiue
351 3689 497 3762 προτνχόν;
515 3708 542 3750 v.
562 3708 653 3764 supro
670 3709 699 3764 p.
716 3690 753 3744 40
771 3691 817 3759 (fr.
837 3690 891 3757 12).

328 3804 374 3874 31)
393 3802 438 3860 cf.
457 3802 585 3867 Lobeok,
602 3802 710 3860 Perull
729 3819 774 3874 gr.
793 3802 844 3857 Gr.
866 3820 894 3873 p.
913 3803 966 3858 298
984 3817 1029 3872 eq.

326 3912 410 3982 32)’
391 3936 475 3986 aynau
458 3914 541 3976 αι’ξων
559 3931 649 3987 quem
669 3912 826 3969 Chaeridis
848 3909 1085 3969 emendationem
1107 3907 1198 3964 fuisse
1216 3908 1286 3962 Ber·

220 4006 308 4076 gkiue
327 4005 455 4061 coniecit
474 4003 586 4070 erbis,
606 4022 682 4078 quae
701 4005 844 4064 inechol.
864 3990 1089 4071 εοουυῐοείᾗν
1127 3997 1287 4068 ’,χρυ

219 4096 253 4151 ἄν
236 4117 286 4149 ναν
271 4118 321 4165 πμ
323 4094 414 4166 ιίοιενμ
415 4117 443 4156 ος
470 4101 516 4150 κὲτ
541 4113 601 4152 non
625 4103 681 4168 est,
710 4095 786 4162 quod
817 4103 969 4166 tamquam
996 4109 1099 4147 verum
1125 4088 1286 4146 lectionem

219 4185 619 4260 ρτοο1εεειυοε.ἰιγιιομίζαη
613 4206 690 4262 pro
703 4205 801 4260 praee.
814 4191 911 4242 cenet.
925 4183 1020 4256 eooipi
1038 4187 1146 4255 potest,
1160 4180 1196 4236 ef.
1209 4181 1286 4235 Bleu

219 4279 238 4334 l.
257 4296 281 4338 ο.
301 4296 331 4349 p.
349 4280 383 4333 63
403 4278 469 4335 adn.
489 4282 515 4337 3.
