3156 4966
693 487 871 544 ..31-

249 661 279 726 si
311 659 582 748 perlustraveris,
616 659 761 726 fortasse
785 657 965 724 Charetem
1002 656 1086 722 satis
1108 657 1316 722 mediocrem
1354 639 1355 642 ί

250 770 513 856 grammaticum
547 768 654 837 fuisse
687 766 832 850 iudicas,
867 772 903 831 at
932 788 1107 851 nunquam
1131 788 1209 832 eum
1242 787 1316 853 pro·

249 880 360 968 priam
398 877 640 964 grammaticae
681 875 900 964 disciplinam
936 875 1129 942 condidisse
1177 877 1317 960 eiusque

251 1008 374 1074 operae
408 1007 478 1051 non
512 985 621 1051 solum
644 985 900 1071 grammaticae,
934 984 994 1050 sed
1027 985 1131 1050 etiam
1154 984 1316 1072 interpre-

251 1095 397 1161 tatoriae
430 1095 467 1160 in
499 1102 598 1161 tanto
632 1095 825 1162 litterarum
858 1091 1041 1178 naufragio
1075 1093 1315 1160 tantummodo

251 1203 414 1270 minutias
443 1203 487 1268 ad
514 1203 603 1269 hunc
639 1204 730 1270 diem
759 1202 935 1270 duravisse
966 1202 1190 1271 obliviscaris,
1237 1203 1315 1268 Huc

254 1335 361 1399 usqua
385 1312 427 1378 de
450 1313 603 1380 Charete.

691 1508 772 1609 Gap.
799 1509 870 1588 ΠΙ.

341 1671 389 1752 lle
419 1671 594 1752 ttacride
621 1669 855 1770 orammallco
886 1671 1033 1771 eiusque
1062 1669 1230 1771 reliquiis.

357 1817 407 1884 Ut
444 1815 629 1883 lectoribus
667 1815 802 1882 facilius
837 1815 938 1880 liceat
976 1813 1018 1880 de
1058 1813 1116 1896 eia,
1154 1836 1241 1899 quae
1276 1836 1318 1878 ex

253 1925 429 1993 Chaeridis
452 1925 660 1992 testimoniis
689 1925 762 1991 erui
783 1924 928 2012 possint,
951 1924 1020 2011 ipsi
1041 1921 1202 2002 iudicare,
1225 1943 1319 2007 prae·

252 2034 430 2102 mittamus
452 2034 615 2120 reliquias
638 2056 751 2099 rerum
774 2032 892 2100 ordine
917 2033 1101 2121 dispositas
1125 2037 1228 2115 atque
1253 2051 1319 2096 om-

252 2144 363 2225 nibus,
398 2150 566 2230 quatenus
594 2143 671 2210 fieri
705 2142 829 2232 potuit,
867 2141 1030 2208 adhibitis
1061 2139 1144 2206 artis
1180 2139 1319 2204 criticae

253 2253 429 2320 subsidiis:

511 2397 734 2490 fraumenta,
763 2413 857 2496 quae
886 2396 1055 2494 spectant

624 2543 660 2626 a)
684 2542 729 2609 ad
752 2541 950 2608 Homerum

543 2648 579 2734 o)
603 2648 646 2713 in
669 2648 843 2714 scholiis
866 2647 1026 2712 Iliadis:
1078 2671 1084 2684 ’

775 2782 805 2845 1.

362 2904 499 2991 Didym.
522 2905 628 2970 schol.
654 2905 848 2974 AIl.B865
871 2901 987 2991 (Diod.
1010 2904 1073 2990 lp.
1091 2907 1163 2983 134,
1178 2907 1251 2988 21):

363 3012 486 3101 Γυγαίη
509 3012 581 3079 τέκε
603 3011 715 3106 λίμνηε
740 3008 815 3083 dcco
838 3017 895 3081 τοῦ
920 3035 942 3097 t,
966 3009 1091 3102 Γυγαίη
1118 3013 1190 3080 τέκε
1214 3014 1318 3103 λίμνη,

253 3120 272 3212 ἡ
297 3121 381 3189 κατὰ
407 3124 611 3209 Ἀρίσταρχον
634 3117 702 3207 εἶχε
725 3123 923 3209 διόρθωσις.
949 3119 980 3188 oi
1004 3121 1042 3188 δὲ
1065 3121 1143 3208 περὶ
1169 3125 1319 3209 Χαῖρινῑ)

252 3231 309 3297 καὶ
324 3229 502 3319 Διόδωρον
523 3231 583 3299 καί
599 3233 713 3320 caroffi)
736 3236 802 3300 τῶν
824 3231 905 3300 καθ’
929 3227 1015 3318 ἡμᾶς
1031 3231 1254 3315 προςτιθὲασι
1278 3233 1317 3300 cd

255 3361 278 3420 t,
301 3332 388 3430 λ’ν’ᾗ
422 3339 519 3431 λίμνη
555 3339 615 3409 ἔπι
641 3341 765 3430 Γυγαίη
798 3339 879 3425 τέκε,
912 3341 1225 3428 κακῶςμηὸέπονε
1259 3340 1319 3429 γὰρ

247 3443 390 3537 Ὅμηρον
411 3447 526 3538 λίμνης
548 3450 645 3518 τέκνα
670 3448 954 3536 ίστορεῖν·βίαιοι
979 3448 1017 3516 δέ
1037 3447 1132 3516 εἰσιν.

360 3556 457 3647 λίμνη
484 3559 593 3644 igitur
621 3560 709 3645 legit
738 3559 954 3624 Aristarchus
977 3557 1020 3625 cf.
1045 3563 1085 3622 A.
1109 3555 1233 3638 Ludw.‚
1261 3561 1320 3621 Ar.

360 3667 450 3733 hom.
475 3668 617 3734 Tenthr.
641 3670 700 3756 lp.
714 3670 788 3736 228.
832 3667 1078 3756 iiuvyChaeris
1102 3671 1138 3733 et
1148 3665 1319 3732 Diodorus

360 3782 448 3842 teste
471 3776 622 3864 Didymo
647 3776 690 3846 cf.
715 3778 794 3844 Did.
827 3777 868 3846 fr.
893 3777 970 3845 coll.
988 3780 1031 3846 M.
1057 3774 1258 3858 Schmidt,
1284 3797 1319 3864 p.

363 3889 424 3952 123
437 3909 486 3972 sq.
512 3886 588 3958 Vid.
612 3886 771 3951 Eustath.
795 3909 831 3974 p.
844 3887 919 3968 366,
934 3890 964 3951 3.
998 3886 1051 3951 De
1074 3884 1153 3950 lacu
1176 3885 1319 3969 Gygaeo

361 3995 405 4061 cf.
428 3994 617 4074 Mueller,
640 3995 762 4061 Philol.
787 3995 854 4062 VII
877 3995 1001 4080 (1852),
1025 4017 1060 4082 p.
1073 3997 1136 4062 239
1150 4016 1196 4079 sq.

362 4183 387 4251 l)
409 4190 514 4252 Χαῖρον
533 4141 595 4236 cod.
615 4179 664 4234 iol.
684 4182 716 4238 41
731 4193 755 4250 Β
776 4141 831 4236 emi
851 4179 967 4236 Villois.

360 4274 387 4340 2)
409 4293 460 4328 τισι
479 4271 553 4342 cod.;
574 4288 628 4327 em.
648 4272 738 4326 Bekk.
