3156 4966
684 489 862 546 ...25-

242 658 356 723 locum
380 681 458 724 eum
481 659 669 726 obtinuisse
685 683 728 725 ex
751 683 790 726 eo
808 660 883 748 ipso
902 659 1127 746 intellegitur,
1150 661 1240 746 quod
1254 684 1311 748 pe·

244 767 381 833 culiaris
404 768 484 835 libri
507 769 583 856 περὶ
607 773 833 862 γραμματικῆς
856 776 1030 836 auctorem
1065 769 1234 850 novimus,
1269 769 1311 834 de

243 898 311 962 quo
333 876 416 962 quid
438 877 659 946 indicandum
693 878 747 960 sit,
780 879 967 944 videamus.
1015 885 1064 944 Ac
1088 882 1200 966 primo
1224 879 1311 946 libro

243 1025 286 1036 —-
321 989 512 1076 complures
546 984 652 1071 igitur
674 985 762 1052 hanc
798 994 906 1053 artem
939 988 1202 1072 grammaticam
1224 1009 1310 1052 com-

243 1095 630 1184 sprebendissaconstat
644 1135 688 1144 -
702 1096 883 1162 Charetem
902 1096 1136 1164 definitionem
1144 1119 1310 1183 gramma·

242 1207 333 1270 tioae
368 1205 561 1271 elaborasse
589 1205 724 1272 rettulit
748 1207 841 1274 Sext.
876 1207 1006 1296 Empir.
1042 1205 1119 1272 adv.
1156 1205 1261 1269 math.
1285 1207 1310 1285 l,

244 1315 263 1394 ξ
288 1313 339 1394 76,
363 1336 441 1379 cum
464 1313 596 1379 diceret
618 1314 810 1402 perfectam
825 1317 1089 1402 grammaticam
1107 1336 1182 1380 esse
1206 1313 1310 1378 ‘habi-

242 1430 317 1488 tum
340 1443 382 1487 ex
405 1429 479 1488 arte
502 1424 687 1489 habentem
705 1424 777 1489 vim
793 1423 1008 1491 discernendi
1032 1421 1244 1490 exactissime
1260 1443 1310 1504 ea,

243 1552 330 1616 quae
354 1533 446 1620 apud
469 1533 619 1599 Graecos
643 1540 679 1598 et
700 1533 862 1600 dicuntur
893 1543 926 1599 et
949 1533 1078 1598 cadunt
1100 1531 1163 1597 sub
1186 1529 1312 1595 intelli·

243 1639 398 1724 gentiam
413 1651 550 1729 praeter
565 1664 615 1723 ea,
633 1663 721 1727 quae
737 1649 818 1708 sunt
833 1642 896 1708 sub
910 1640 986 1706 aliis
998 1637 1151 1708 artibus'.
1179 1639 1311 1704 Eadem

243 1750 399 1834 quamvis
435 1750 572 1816 concisa
600 1750 759 1837 perhibet
781 1750 966 1817 scholiasta
990 1749 1147 1835 Dionysii
1169 1748 1312 1815 Thracis

242 1879 276 1943 p.
304 1859 420 1935 118,10
443 1859 538 1945 Hilg.
562 1860 822 1945 grammaticam
857 1879 930 1922 esse
959 1858 1126 1924 ‘habitum
1160 1881 1202 1924 ex
1236 1864 1311 1923 arte

243 1973 347 2052 atque
361 1965 506 2033 historia
521 1966 707 2034 habentem
721 1969 791 2034 vim
810 1967 1026 2033 discernendi
1043 1990 1091 2050 ea,
1116 1989 1204 2052 quae
1220 1967 1312 2055 apud

243 2076 394 2142 Graecos
416 2076 597 2142 dicuntur'.
643 2077 781 2144 Verum·
796 2076 950 2142 Charetis
982 2075 1088 2142 libros
1112 2077 1190 2161 περὶ
1214 2103 1310 2163 χραμ-

241 2189 385 2277 ματικῆς
406 2187 552 2252 fortasse
575 2187 619 2252 ab
635 2187 701 2253 hac
717 2186 918 2252 definitione
934 2186 1087 2274 coepisse
1107 2185 1310 2250 concludere

243 2295 353 2360 ausim
386 2295 601 2382 (quamquam
635 2297 715 2364 huic
748 2297 799 2362 rei
833 2296 978 2360 nimium
1012 2317 1083 2360 non
1114 2295 1309 2380 tribuerim)

242 2403 399 2490 Dionysii
421 2404 564 2470 Thracis
588 2406 753 2494 exemplo,
789 2408 884 2472 cuius
915 2403 1119 2491 disciplinae
1143 2425 1309 2490 gramma·

242 2512 332 2577 ticae
366 2513 513 2595 initium,
548 2513 638 2599 quod
673 2537 773 2580 nemo
812 2517 960 2600 ignorat,
998 2513 1055 2579 hic
1088 2513 1311 2603 comparandi

244 2644 347 2686 causa
369 2644 542 2709 opponere
571 2624 746 2688 conducit:
779 2619 1003 2712 εγραμματική
1032 2622 1123 2690 ἐστιν
1151 2621 1310 2707 ἐμπειρία

243 2732 308 2794 ταῗν
332 2730 424 2815 παρὰ
448 2737 606 2818 ποιηταῖς
629 2757 663 2798 τε
686 2732 742 2798 καὶ
759 2735 996 2821 συγγραφεῦσιν
1020 2727 1064 2810 ὡς
1086 2730 1145 2798 ἐντὶ
1169 2728 1209 2797 ed
1224 2729 1310 2797 πολὺ

242 2839 429 2926 λεγομένων,
463 2862 551 2926 quae
574 2840 731 2906 Charetis
753 2841 916 2926 dogmate
937 2841 1046 2906 multo
1070 2840 1214 2906 clariora
1237 2863 1310 2906 esse

242 2950 475 3035 unusquisque
499 2956 654 3016 actutum
677 2951 783 3018 videt.

348 3059 465 3144 Atque
488 3060 593 3125 etiam
617 3060 774 3127 Charetis
802 3060 1038 3127 definitionem
1063 3060 1310 3145 grammaticae

242 3167 315 3232 sive
339 3189 381 3233 ex
403 3168 498 3233 omni
520 3169 593 3236 sive
616 3170 732 3255 aliqua
754 3177 853 3258 parte
881 3169 950 3234 iam
973 3169 1124 3255 antiquis
1147 3168 1310 3255 tempori·

242 3276 306 3341 bus
322 3277 537 3364 displicuisse
548 3283 732 3347 memoriae
745 3287 798 3345 est
812 3277 988 3360 traditum,
1004 3300 1210 3363 quamquam
1220 3281 1309 3344 Sext.

242 3385 448 3474 Empiricos,
488 3387 556 3452 alia
590 3388 728 3474 quidem
762 3385 863 3452 valde
897 3387 1100 3472 indignatus
1137 3393 1310 3473 postrema

242 3495 348 3560 verba
372 3493 459 3586 πλὴν
483 3500 548 3561 τῶν
563 3493 618 3562 ὑπ’
635 3493 751 3575 ἄλλοις
767 3496 897 3578 τέχναις
912 3497 1013 3562 laude
1032 3496 1170 3576 extulit3
1194 3495 1311 3582 pergit

243 3603 351 3668 enim:
389 3602 437 3670 ‘ab
464 3607 646 3672 τελευταῖον
674 3605 834 3693 nagera
857 3599 1106 3692 οὗίταρέρχως.
1139 3600 1233 3670 Ἐπεὶ
1251 3603 1310 3690 γὰρ

243 3714 308 3776 τῶν
331 3713 408 3800 παρ’
434 3710 575 3801 Ἕλλησι
597 3716 719 3781 λεκτῶν
741 3713 799 3780 καὶ
822 3717 945 3801 νοητῶν
968 3717 1009 3780 τὰ
1036 3712 1096 3797 μέν
1124 3711 1214 3779 ἔστιν
1241 3708 1308 3778 ὑπὸ

243 3820 380 3904 τέχναις,
405 3822 447 3889 τὰ
470 3817 547 3907 d'oii,
571 3827 636 3889 τῶν
657 3823 717 3906 μέν
740 3815 808 3889 ὑπὸ
835 3825 963 3905 τέχναις
986 3818 1045 3890 οὐκ
1068 3818 1175 3889 οἴεται
1199 3820 1310 3910 τέχνην

242 3923 328 3997 εἶναι
351 3930 408 3997 καὶ
431 3930 498 4015 έξιν
520 3931 578 4022 τὴν
601 3930 838 4021 γραμματικήν,
863 3923 933 3998 οἷον
955 3930 988 3997 έν
1009 3933 1069 4010 μὲν
1090 3933 1231 4018 μουσικῇ
1253 3933 1311 4020 τῆς

243 4036 301 4105 διὰ
324 4039 490 4126 τεσσάρων
513 4041 706 4131 συμφωνίας
728 4040 785 4107 καὶ
815 4043 872 4129 τῆς
898 4043 1080 4131 μεταβολῆς
1108 4042 1173 4104 τῶν
1195 4062 1309 4126 συστη-

242 4150 363 4232 μάτων,
400 4150 433 4216 έν
457 4151 492 4218 δέ
514 4153 735 4239 μαθηματικῆ
758 4148 937 4237 ἐκλείψεως
960 4145 981 4239 ἢ
1015 4151 1074 4240 τῆς
1096 4153 1161 4214 τῶν
1183 4148 1310 4215 κύκλων

242 4255 376 4336 θέσεως.
412 4258 453 4325 τὰ
477 4260 514 4326 δέ
537 4255 619 4326 adad
642 4259 699 4326 καὶ
722 4259 781 4326 tat
806 4262 870 4324 τῶν
893 4250 1001 4324 ἄλλων
1023 4259 1152 4348 νοητέον
1175 4261 1307 4342 τεχνῶν·
