3156 4966
719 473 893 532 ..52-

381 751 540 840 Apollon.
581 753 725 842 sophist.
766 650 832 820 leh..
868 775 895 820 s.
936 778 968 822 v.
997 747 1105 834 Ὦπος
1142 753 1264 841 (Belrk.
1304 777 1337 842 p.

276 864 348 947 171,
374 864 444 948 17):

379 963 480 1051 ὦμος.
506 968 724 1052 Ἀπολλώνιος
763 968 781 1038 ὃ
823 974 880 1038 τοῦ
922 971 1129 1060 Χαίριόος12)
1169 968 1339 1058 γενόμενος

273 1080 332 1147 ἐπὶ
356 1081 432 1148 τοῦ·

485 1191 676 1279 “Εὐρὺκλει’,
697 1183 804 1271 Ὦπος
826 1188 983 1278 θυγάτηρ’
1007 1189 1084 1277 (Od.
1110 1216 1133 1256 α
1147 1189 1227 1274 429)

374 1299 480 1389 ,φησὶν
504 1296 547 1378 ὡς
565 1298 626 1366 ἐπὶ
649 1303 707 1366 τοῦ
740 1301 885 1378 Γλαῦκος
906 1297 964 1364 καὶ
987 1297 1120 1383 Hippou
1147 1299 1339 1384 βαρυτονοῦ-

270 1432 330 1491 μεν
365 1406 422 1475 διὰ
451 1405 509 1497 τὴν
544 1403 742 1492 ὁμωνυμίαν,
777 1403 879 1486 οὕτως
912 1406 969 1474 καὶ
1003 1405 1062 1474 ἐπὶ
1098 1411 1155 1474 τοῦ
1175 1398 1338 1488 tranem)

272 1517 371 1600 τυχὸν
383 1519 419 1584 δὲ
441 1517 498 1584 καὶ
519 1516 756 1606 συναλοιφή131)
769 1518 869 1595 ἐστιν,
877 1508 994 1596 Ὦπος,
1012 1508 1094 1603 ἄγαν
1117 1513 1337 1597 decretumst)

378 1644 501 1711 Omnia
523 1647 636 1734 igitur,
661 1669 748 1733 quae
771 1647 956 1735 Apollonii,
980 1646 1157 1712 Chaeridis
1179 1644 1252 1729 filii,
1277 1667 1331 1710 su·

270 1760 423 1842 pereunt,
457 1757 704 1844 excerpsimus3
739 1756 788 1822 nil
819 1757 935 1824 defore
969 1763 1143 1844 putamus.
1206 1754 1337 1832 Quibus

271 1863 374 1928 rebus
397 1866 546 1949 peractis
566 1862 610 1930 ed
633 1863 810 1931 Chaerirh's
832 1865 940 1954 ipsius
964 1865 1078 1931 studia
1100 1885 1286 1952 pergamus
1301 1864 1339 1928 in

272 1968 422 2056 Homeri,
446 1972 598 2055 Pindari,
623 1975 864 2063 Aristophanis
898 1972 1037 2040 scholiis
1071 1972 1208 2040 tradita.
1258 1971 1339 2038 Non

271 2081 397 2147 mirum
419 2087 473 2146 est
496 2088 652 2147 nostrum
674 2083 785 2149 veluti
808 2083 967 2150 clariores
996 2083 1240 2168 grammaticos
1267 2083 1340 2149 illo-

218 2251 221 2258 .
271 2214 348 2256 rum
370 2196 560 2278 temporum
584 2188 628 2255 ad
655 2211 761 2256 unum
791 2211 905 2257 omnes
935 2191 1045 2258 oritioi
1071 2191 1339 2280 interpretisque

271 2299 449 2386 ingenium
477 2299 515 2364 in
541 2299 702 2372 Homero,
737 2306 917 2388 poetarum
949 2308 1101 2388 parente,
1137 2303 1338 2384 exercuisse,

272 2412 368 2476 euius
392 2409 522 2474 soholia
545 2431 671 2475 nomen
706 2412 842 2498 saepius
871 2410 1060 2499 promiscue
1090 2433 1168 2475 oum
1191 2410 1338 2475 Charete

272 2524 400 2586 vocent
436 2518 491 2602 (de
524 2540 591 2604 quo
626 2519 723 2604 longi
757 2518 885 2585 fuimus
919 2521 956 2586 in
990 2520 1104 2608 eapite
1135 2520 1276 2608 priore),
1299 2526 1340 2584 ut

273 2627 458 2694 difficultas
483 2628 659 2695 oboriatur
682 2628 909 2712 discernendi,
942 2629 1148 2714 quibusnam
1171 2629 1255 2696 loeis
1278 2651 1338 2695 suo

270 2737 345 2802 iure
384 2736 524 2802 Chaeris
558 2738 763 2827 appelletur.
820 2737 888 2804 Sed
911 2739 986 2804 alea
1008 2740 1101 2805 iacta
1124 2743 1192 2804 est:
1218 2759 1338 2804 eonve-

271 2845 324 2910 nit
358 2848 453 2910 inter
485 2868 547 2913 nos
582 2855 696 2935 (supra
728 2870 763 2935 p.
790 2845 844 2933 18)
869 2845 1027 2912 Chaeridi
1060 2847 1236 2932 assignare
1266 2870 1338 2913 om-

270 2956 330 3021 nia
357 2954 496 3037 scholia,
531 2956 594 3021 ubi
631 2955 715 3021 talia
747 2955 980 3039 inveniuntur,
1014 2955 1057 3021 de
1089 2956 1212 3040 quibus
1245 2977 1337 3021 nuno

270 3063 426 3151 pluribus
450 3062 634 3130 dicendum
657 3071 718 3130 est.

377 3193 513 3281 Didym.
554 3192 666 3260 Sehol.
702 3194 742 3262 ll.
770 3193 812 3262 B.
837 3157 1121 3278 8650haeris14q
1155 3217 1223 3259 una
1258 3217 1335 3259 eum

272 3304 425 3371 Diodoro
460 3303 687 3390 grammatico
722 3303 864 3370 leotioni
889 3302 1079 3369 Aristarchi
1114 3300 1237 3391 Γυγαίη
1265 3303 1337 3369 τέκε

269 3413 368 3504 λίμνη
393 3413 589 3498 refragatus
617 3413 715 3502 λίμνῃ
737 3435 800 3500 pro
831 3412 949 3478 dativo
977 3411 1064 3496 legit
1086 3434 1165 3479 oum
1189 3439 1213 3497 ι,
1244 3413 1335 3498 quod

380 3631 425 3700 12)
445 3628 562 3701 Χάριὸος
582 3628 646 3686 eod.
664 3628 770 3696 Bekk.;
789 3645 842 3684 em.
862 3627 978 3684 Villois.

377 3722 420 3791 13)
439 3719 578 3775 Eustath.
596 3736 625 3791 p.
646 3725 721 3788 1427,
733 3721 768 3776 58
787 3735 854 3774 oum
870 3717 1032 3789 Apollonio
1051 3719 1210 3792 conspiret.

375 3813 440 3881 138)
459 3808 587 3882 ovvultpq
606 3810 670 3865 cod.

376 3903 419 3971 14)
439 3900 659 3956 Grammaticus
677 3901 753 3957 miro
772 3907 802 3957 et
820 3901 922 3973 inepto
935 3901 1071 3957 aeumine
1083 3907 1171 3972 putat
1184 3893 1256 3965 αἶπος
1269 3921 1332 3959 esse

271 3997 457 4048 contractum
476 4009 513 4048 ex
531 3991 630 4050 ἅιππος
648 3995 685 4048 ab
704 3991 772 4064 ἄοψ,
790 3999 825 4047 ut
842 3991 902 4064 ἄοψ
920 3991 970 4047 vel
988 3998 1143 4048 contracte
1155 3984 1201 4064 ιῖψ
1220 3995 1259 4049 sit
1272 3997 1334 4049 aeri

267 4082 335 4138 visu
353 4082 515 4154 praeditus.
534 4084 649 4140 Villois.

374 4173 438 4244 lte)
457 4175 484 4228 οἱ
504 4178 563 4245 περι1
582 4182 681 4248 Χατριν
704 4175 826 4232 Chaeris
854 4180 908 4241 est,
936 4173 1014 4229 nihil
1032 4175 1160 4247 amplius
1179 4195 1206 4232 v.
1226 4177 1331 4247 Lehre,

268 4269 397 4335 quaesti,
417 4281 482 4337 epp.
500 4282 529 4337 p.
549 4267 592 4322 28.
