3156 4966
653 507 831 564 -41..

209 675 294 761 χειρὶ
318 674 356 743 τὸ
379 676 572 760 παρατνχδν
594 676 698 760 ξένιον
719 675 826 766 ἐζήτει
855 685 1047 765 παρασχεῖν,
1083 674 1169 764 ὅπερ
1195 669 1279 770 ἦνῆ
1364 735 1366 740 ,

210 785 325 863 δοῦλος.
351 835 358 849 .
384 783 436 872 ,19)

316 893 362 959 V:
396 891 434 962 τὸ
470 895 507 966 δὲ
543 897 689 985 δεξιτερᾷ
723 895 895 983 προτοχάν]
927 892 950 962 δ
986 893 1085 985 χάρης
1119 895 1202 984 φησὶ
1227 897 1278 961 δεῖ

210 1000 346 1092 γράφειν
380 1002 558 1090 προτυχόν,ι
586 1000 682 1084 ὅπως
711 995 750 1096 ἦν
773 1001 983 1091 ἀναρπάσας·
1015 1000 1115 1094 εὖθης
1148 1004 1185 1072 ἐκ
1219 1008 1278 1094 της

210 1107 345 1200 ἀρούρης
369 1111 407 1181 τὸ
432 1112 625 1201 παρατοχδν
648 1113 750 1192 ξένιον
773 1113 907 1181 ἔδωκεν·
940 1110 1022 1199 ὅπερ
1053 1105 1093 1202 ἦν
1120 1106 1140 1204 ἢ
1162 1113 1277 1191 βῶλος.

317 1221 363 1289 U:
404 1224 551 1312 δεξιτερᾷ
573 1221 747 1309 προτοχάν]
783 1224 904 1308 Χαῖρίς
928 1243 1011 1311 φησι
1047 1225 1115 1289 δεῖν
1137 1219 1275 1308 γράφειν

210 1329 384 1418 προτοχόν,
414 1327 509 1412 ὅπως
531 1325 570 1422 ἦν
593 1329 787 1418 ἀναρπάσας
811 1326 908 1411 εάθίς
934 1331 970 1398 ἐκ
997 1335 1055 1422 τῆς
1078 1326 1214 1416 άροίρας
1237 1329 1276 1396 τδ

210 1439 401 1528 παρατυχόν
425 1439 683 1519 ξένιονέδωκεν·
709 1436 794 1529 ὅπερ
815 1434 855 1530 ἦν
877 1438 897 1534 ἦ
920 1443 1034 1526 βῶλος.

315 1551 357 1615 Ρ;
395 1551 544 1638 δεξιτερᾷ
571 1549 736 1634 προτοχόν
770 1552 865 1637 χάρις
892 1549 975 1639 φησί
1000 1552 1082 1617 δεῖν·
1118 1548 1278 1638 γράφεται

210 1657 386 1744 προτνχάν·
413 1654 510 1736 ὅπως
530 1650 570 1747 ἦν
593 1656 789 1744 ἀναρπάσας
811 1660 914 1750 φησὶν
937 1659 973 1726 ἑκ
996 1662 1053 1747 τῆς
1076 1652 1213 1747 άροάρης
1235 1655 1276 1724 τδ

210 1767 403 1853 παρατεχδν
427 1767 528 1846 ξένιον
550 1768 679 1852 ἔδωκεν,
703 1762 788 1854 ὃπερ
810 1761 850 1858 ἦν
873 1766 893 1862 ἦ
915 1771 1030 1854 βῶλος.

716 2008 772 2072 13.

317 2131 431 2200 Sohol.
456 2133 557 2216 Pyth.
581 2133 637 2216 IV,
664 2135 726 2198 156
751 2131 905 2220 (Boeckh
927 2132 962 2197 II
984 2155 1018 2220 p.
1043 2131 1136 2216 354):

312 2238 366 2308 Ἐν
400 2242 436 2308 δὲ
470 2240 570 2330 Νάξην
605 2243 706 2331 φαντί
740 2243 873 2331 θανεῖν]
903 2242 936 2310 ἐν
971 2243 1007 2309 δὲ
1035 2245 1073 2332 εγ]
1107 2237 1276 2320 εὐδαίμονι

210 2352 310 2438 Νάξῳ
334 2350 418 2439 φασὶ
455 2351 646 2440 τεθνηκέναι
670 2351 731 2419 τὸν
754 2355 811 2440 τῆς
835 2348 1036 2441 Ἰφιμεδείας
1059 2351 1168 2416 παῖδα
1180 2341 1278 2416 Ὦτον

141 2445 144 2452 ’
209 2460 265 2526 καὶ
302 2458 348 2542 σε’,
387 2452 413 2524 ὦ
448 2459 668 2549 τολμηρότατε
700 2456 869 2549 Ἐφιάλτα.
914 2456 1115 2550 Ἰφιμεδείας
1153 2459 1188 2526 δὲ
1220 2460 1276 2526 καὶ

207 2563 349 2646 Ἀλωέως
394 2566 548 2655 γεγόνασι
588 2570 707 2648 παῖδες
740 2562 845 2648 Ὦτος
882 2569 939 2635 καὶ
970 2564 1160 2658 Ἐφιάλτης.
1186 2559 1277 2635 οἷτοι

205 2677 246 2769 δὲ
283 2671 410 2760 ἀσεβῶς
448 2677 645 2765 διετέθησαν
691 2679 768 2763 περὶ
807 2678 866 2765 τὴν
889 2673 1048 2763 Ἄρτεμιν,
1090 2676 1148 2744 καί
1192 2703 1275 2744 ποτε

208 2783 256 2864 εἰς
279 2785 398 2874 ἔλαφον
424 2781 443 2875 ἢ
467 2783 549 2863 θεὸς
571 2782 688 2874 ἑαυτήν
709 2787 970 2877 μεταποιησασα
993 2789 1187 2874 θηρεύουσιν
1218 2783 1276 2852 αι’·-

209 2901 279 2974 τοῖς
306 2894 391 2961 κατὰ
425 2894 484 2984 τήν
508 2893 620 2973 Νάξον
653 2895 687 2961 ἐν
716 2894 807 2982 μέσην
843 2889 953 2984 ὤφθη.
1001 2893 1034 2962 οὶ
1064 2895 1100 2961 δὲ
1135 2919 1275 2962 κατατο-

209 3002 393 3088 ξείονσιν13)
427 3002 485 3095 τὴν
508 3002 630 3091 ἔλαφον
662 2999 949 3089 ὑπολαμβάνοντες
976 3003 1098 3071 ἔλαθον
1121 2999 1276 3093 ἀλλήλους

208 3110 451 3197 τιτρώσκοντες.
475 3110 607 3191 τούτους
625 3103 682 3180 οὖν
699 3111 758 3180 ἐπὶ
775 3117 832 3181 τοῦ
849 3112 1051 3201 ίκτραπίλου
1065 3118 1122 3181 τοῦ
1135 3109 1276 3194 Ἰάσονος

208 3219 360 3303 σώματος
383 3218 593 3310 παρείληφεν.
641 3217 807 3308 §mg
833 3222 866 3290 ἕν
889 3227 928 3313 τῇ
953 3223 1052 3311 Νάξῳ
1076 3224 1276 3316 τεθνήκασιν

208 3325 474 3415 οἱἈλωεῖδαι,Ῑ4)
497 3329 529 3397 οὶ
553 3331 649 3397 καλοὶ
665 3332 793 3400 ἐκεῖνον.
828 3332 994 3421 μέμφεται
1019 3333 1055 3399 δὲ
1070 3339 1193 3421 Χαῖρις
1215 3331 1274 3399 ἐπὶ

208 3441 246 3528 τῇ
282 3439 520 3529 παραληφειλῧ)
556 3443 622 3505 τῶν
657 3436 890 3528 Ἀλιοειδῶν.16)
936 3438 1028 3526 άρκεῖ
1067 3441 1171 3528 γὰρ17)
1211 3439 1273 3528 ὁ18)

314 3657 359 3726 12)
377 3655 443 3726 ὅπερ
460 3647 525 3723 η’νὴ
547 3657 633 3724 βῶλος
661 3670 716 3710 om.
736 3655 769 3710 B.
789 3687 822 3696 -
841 3657 876 3711 In
894 3656 921 3710 D
941 3664 1075 3712 exstant:
1101 3655 1181 3726 χάρης
1211 3666 1274 3729 φησὶ

206 3747 263 3800 δεῖν
280 3745 390 3819 γράφειν
408 3748 459 3818 πρὸ
481 3746 562 3812 τυχὸν
579 3745 652 3806 ὅπως
671 3749 684 3812 ἡ
705 3746 857 3817 άναρνιάσαε
875 3748 902 3800 δι’
922 3747 981 3804 εὗθ.
1000 3755 1020 3802 ἐ.
1039 3771 1064 3806 τ,
1083 3771 1107 3819 γ.
1126 3752 1178 3802 κτὲ.

315 3841 357 3907 13)
375 3837 559 3899 κατατοξεύειν
576 3837 637 3894 PU.

314 3931 359 3994 14)
376 3928 491 3984 άλισᾶδαι
510 3930 541 3984 Β.

314 4023 358 4092 15)
376 4020 535 4094 παρακλήσει
552 4021 584 4076 Ρ.

314 4117 358 4182 16)
375 4112 498 4167 ἀλιοιδῶν
515 4111 575 4167 BV.

313 4208 357 4270 17)
374 4203 425 4275 γάρ
444 4221 499 4264 om,
518 4203 551 4259 P.

312 4297 356 4360 18)
374 4294 389 4349 δ
407 4313 463 4351 om.
483 4294 544 4354 PU.
589 4313 591 4318 '
