3156 4966
722 504 879 561 ,9-

268 680 537 742 consentaneum
561 680 614 740 est
624 675 720 740 libris
744 675 839 741 hisce
851 675 1024 742 inferioris
1048 675 1177 742 ordinis
1200 677 1334 743 omissis

266 785 378 870 magis
403 783 709 871 obtemperandum
748 807 821 850 esse
844 785 993 851 librariis
1015 785 1189 874 potiorum
1224 786 1332 868 codd,

265 895 324 978 qui
357 915 464 978 usque
498 915 632 978 quaque
665 897 789 979 Χαῖρις
821 915 948 959 nomen
981 891 1172 959 rectissime
1206 894 1331 961 litteris

264 1003 476 1069 mandarunt.
528 1003 623 1082 Quae
658 1025 737 1067 cum
769 1002 819 1066 ita
842 1002 920 1085 sint,
955 1003 998 1067 de
1033 1003 1156 1070 scholis
1179 1003 1331 1087 Pindari,

267 1113 325 1177 ubi
338 1112 539 1178 Chaeridem
562 1117 735 1178 auctorem
753 1133 826 1176 esse
845 1112 930 1178 mihi
948 1112 1109 1199 persuasi,
1134 1114 1203 1179 iarn
1226 1135 1331 1179 causa

263 1220 362 1286 finita
385 1221 491 1307 estll)
539 1218 708 1284 Graviora
729 1228 811 1285 sunt
833 1242 872 1286 ac
896 1224 1004 1287 multo
1017 1221 1220 1306 difficiliora,
1244 1244 1330 1308 quae

266 1337 438 1397 secuntur.
484 1330 509 1395 J
511 1349 566 1394 am
577 1330 730 1394 tabulam
752 1329 790 1394 in
805 1330 919 1396 fronte
942 1331 1042 1396 huius
1059 1331 1330 1418 scriptiunculae

261 1440 485 1527 praemissam
500 1438 624 1504 iterum
635 1437 827 1523 iterumque
850 1440 950 1506 nobis
970 1439 1325 1527 circumspicientibus

264 1570 389 1636 operae
401 1548 622 1614 videturesse
634 1547 792 1634 pretium,
816 1549 955 1615 initium
971 1549 1172 1637 disputandi
1191 1549 1329 1632 facturi,

262 1679 306 1721 ne
328 1657 554 1722 fundamenta
576 1657 613 1720 in
636 1678 724 1740 aqua
752 1680 927 1746 ponamus
959 1658 1003 1723 ab
1026 1659 1168 1724 Homeri
1190 1659 1329 1725 scholiis

263 1764 390 1830 codicis
423 1769 526 1852 longe
554 1766 706 1832 omnium
745 1767 1033 1854 praestantissimi
1067 1767 1189 1834 Venet.
1223 1768 1328 1833 Marc.

264 1874 329 1937 454
353 1874 466 1958 (A),18)
489 1876 526 1939 in
559 1897 627 1960 quo
651 1876 749 1960 quasi
776 1879 914 1942 cardine
937 1877 1190 1964 disputationis,
1227 1897 1329 1961 quam

262 2005 378 2048 sumus
411 1983 644 2067 instauraturi,
679 1986 754 2051 nixi
788 1987 976 2052 doctrinam
998 1991 1189 2051 nostrorum
1223 2023 1265 2034 —-
1300 1985 1329 2050 si

262 2093 361 2157 modo
385 2092 451 2158 duo
478 2093 617 2159 fuerunt
645 2095 863 2180 grammatici
886 2135 930 2144 —
953 2117 1128 2161 secernere
1156 2115 1326 2158 conemur.

369 2206 418 2266 Ac
441 2204 590 2290 primurn
614 2204 751 2290 quidem
775 2204 847 2272 cod.
865 2207 952 2270 Ven.
975 2209 1006 2270 A
1029 2204 1135 2270 multo
1159 2203 1327 2289 puriorem

260 2307 407 2376 formam
435 2313 584 2379 nominis
608 2335 761 2379 servasse
791 2336 831 2379 ac
861 2336 1105 2402 saepenumero
1129 2311 1243 2400 Χάρης
1264 2334 1328 2399 pro

259 2419 405 2485 rectiore
429 2427 553 2508 Χαῖρις
585 2423 623 2487 in
645 2423 752 2488 libros
775 2422 953 2510 irrepsisse
976 2420 1081 2486 nullis
1110 2421 1327 2506 gravioribus

261 2527 473 2596 documentis
524 2531 741 2618 comprobari
781 2537 896 2618 potest
934 2552 1037 2615 quam
1071 2529 1327 2618 comparatione

260 2637 363 2705 schol.
389 2644 418 2704 A
442 2639 545 2707 Hom.
571 2647 592 2706 I
612 2640 687 2722 605,
711 2639 773 2705 ubi
786 2640 976 2706 Aristarchi
998 2639 1087 2704 falsa
1109 2640 1205 2706 vocis
1229 2643 1328 2730 τιμῆς

259 2752 298 2811 ut
327 2749 483 2832 genetivi
518 2748 749 2837 explicatione
783 2757 972 2816 memorata
1001 2749 1186 2815 scholiasta
1213 2750 1328 2835 pergit

260 2851 277 2920 ὁ
308 2856 343 2922 δὲ
373 2862 498 2944 Χαῖρις
531 2859 666 2944 βοηθῶν
696 2853 785 2945 αὐτῷ
819 2859 878 2941 (sc.
914 2858 1122 2938 Aristarcho)
1157 2857 1215 2926 κιὲ
1249 2881 1326 2925 curn

259 2965 375 3051 Etym.
400 2968 517 3052 Magn.
542 2966 688 3032 Floreat.
713 2967 786 3034 cod.
811 2967 976 3034 Marcian.
1001 2969 1076 3048 304,
1099 2968 1161 3033 ubi
1183 2991 1261 3033 cum
1285 2970 1326 3033 de

260 3073 380 3139 eadem
402 3073 550 3140 lectione
578 3079 675 3164 τιμῆς
698 3082 832 3162 agatur,
862 3076 1030 3162 scriptum
1052 3076 1208 3142 videmus
1240 3075 1325 3162 λέγει

260 3180 325 3248 δὲὸ
348 3181 463 3271 Χάρης
485 3187 622 3272 βοηθῶν
644 3181 733 3274 αὐτῷ
756 3182 822 3268 ari,
846 3184 962 3271 inquo
979 3185 1245 3271 haudquaquam
1267 3185 1324 3250 du-

260 3291 365 3357 bitari
386 3291 480 3375 licet,
503 3298 617 3359 utrum
628 3294 890 3382 praeferendum
907 3295 962 3376 sit,
987 3316 1065 3360 cum
1088 3297 1324 3381 etymologum

360 3558 404 3626 17)
423 3555 499 3611 Nam
517 3557 743 3628 discrepantias,
767 3576 843 3630 quae
866 3558 1016 3614 interdum
1040 3557 1123 3612 codd.
1146 3556 1257 3622 insunt,
1289 3563 1323 3612 ut

257 3649 376 3719 μαχαιρίς
395 3647 486 3708 schol,
500 3648 587 3719 Pyth.
609 3649 657 3712 IV,
675 3651 710 3704 18
728 3649 760 3704 in
779 3649 842 3704 cod.
855 3649 948 3704 Paris.
966 3651 1037 3704 2403
1055 3651 1093 3718 (X)
1114 3647 1190 3701 alias
1214 3647 1322 3702 fortius

260 3755 394 3809 premere
424 3739 619 3810 supersedere
645 3740 720 3796 mihi
738 3741 841 3797 videor
868 3758 967 3813 posse,
996 3746 1075 3795 certe
1101 3756 1162 3794 non
1180 3743 1320 3810 tangunt,

257 3847 333 3900 quaa
351 3847 443 3902 snpra
462 3832 659 3902 exposuimus.

364 3923 407 3990 18)
427 3921 551 3978 Praesto
572 3922 644 3980 mihi
661 3930 888 3996 promptumque
910 3927 976 3977 erat
1003 3921 1210 3992 apographum
1233 3920 1322 3976 huius

257 4011 319 4066 cod.
352 4012 536 4069 celeberrimi
552 4013 722 4084 nuperrime
753 4014 862 4070 editum
892 4011 1085 4084 phototypioe
1110 4030 1129 4068 a
1157 4011 1321 4067 Domanieo

258 4101 441 4174 Comparetti
462 4103 597 4175 Lugdun.
616 4104 684 4161 Bat.
702 4107 737 4162 A.
756 4106 802 4162 W.
823 4102 949 4176 Sijthoff
964 4104 1042 4162 1901.
1061 4101 1138 4166 quod
1157 4120 1224 4157 cum
1243 4101 1321 4173 prio·

258 4193 340 4249 ribus
359 4194 616 4250 commentationis
626 4197 782 4266 particulis
789 4205 853 4251 tum
863 4192 1087 4267 posterioribus,
1106 4193 1157 4247 ubi
1166 4193 1321 4248 Alexionis

257 4284 356 4340 studia
365 4287 570 4358 explanantur,
581 4286 654 4341 mihi
659 4304 802 4357 perquam
811 4287 894 4342 lucro
905 4285 997 4340 fuisse
1008 4282 1321 4354 summoperegaudeo.
