3156 4966
721 1299 849 1402 Vita.

361 1561 593 1678 Ricardus
617 1609 897 1678 Woldemarus
926 1605 1081 1673 Berndt
1109 1613 1210 1671 natus
1244 1627 1319 1670 sum

217 1787 219 1796 ,
264 1747 292 1787 a.
311 1723 343 1791 d.
364 1723 423 1788 VI.
441 1721 520 1787 Kal.
538 1722 620 1787 Jun.
640 1718 721 1786 anni
745 1741 795 1806 pr.
816 1739 901 1783 seeo.
922 1716 1109 1782 LXXVIII
1133 1715 1168 1780 in
1193 1713 1319 1802 oppido

260 1829 440 1896 Borussiae
466 1830 651 1912 orientalis,
687 1828 742 1894 cui
765 1849 890 1893 nomen
913 1832 966 1892 est
989 1823 1189 1904 Allenstein,
1221 1828 1319 1909 patre

257 1939 416 2023 Ricard0,
440 1946 549 2006 matre
565 1939 657 2005 Rosa
676 1962 695 2004 e
712 1942 816 2022 gente
833 1935 940 2018 Marx,
964 1933 1087 2021 quihus
1104 1931 1214 1999 adhuc
1229 1932 1319 1998 vivis

259 2073 301 2114 ex
324 2049 430 2115 animi
453 2050 624 2115 sententia
646 2049 765 2114 laetor.
813 2044 911 2110 Fidei
935 2043 1091 2109 addictus
1119 2063 1194 2108 sum
1219 2063 1319 2108 evan-

258 2159 400 2246 gelicae.
434 2158 558 2225 Primis
575 2159 766 2224 litterarum
785 2154 963 2222 elementis
981 2151 1018 2219 in
1030 2151 1154 2218 scholis
1171 2151 1320 2240 publicis

258 2276 293 2336 et
315 2270 460 2358 privatis
483 2268 635 2335 imbutus
659 2266 739 2334 inde
762 2287 782 2331 a
806 2287 883 2331 vere
906 2260 988 2328 anni
1008 2260 1201 2327 LXXXIX
1225 2285 1319 2350 gym-

258 2380 392 2446 nasium
405 2381 539 2466 regium
551 2378 645 2445 urbis
658 2378 789 2466 patriae
802 2374 1035 2461 f1·equentavi;
1049 2379 1319 2461 praeceptorum,

260 2491 319 2574 qui
341 2490 391 2555 ibi
409 2512 463 2554 me
487 2488 612 2554 litteris
635 2487 863 2566 erudiverunt,
887 2483 1087 2577 memoriam
1113 2482 1320 2549 carissimam

260 2598 324 2662 hoo
347 2597 422 2685 ipso
445 2597 521 2664 loco
540 2597 690 2664 recolere
712 2597 819 2663 iuvat.
855 2595 945 2660 Vere
962 2593 1044 2659 anni
1060 2591 1321 2658 LXXXXVIII

260 2706 469 2772 maturitatis
485 2710 717 2774 testimonium
730 2704 874 2793 adeptus
886 2702 1147 2790 Regimontium
1163 2702 1321 2788 migravi,

262 2815 360 2880 utin
384 2815 474 2881 alma
496 2816 689 2882 litterarum
712 2812 937 2880 universitate
949 2812 1130 2879 Albsrtina
1153 2835 1214 2900 per
1228 2814 1321 2880 novi·

261 2947 297 2989 es
321 2948 380 2991 sex
403 2947 534 2991 menses
558 2924 679 2991 studiis
695 2923 914 3013 philologieis
929 2931 964 2990 et
986 2921 1158 2990 historicis
1181 2945 1319 3012 operam

259 3053 433 3098 navarem.
476 3035 581 3120 Regii
603 3034 856 3123 philologorum
878 3033 1115 3122 proseminarii
1137 3033 1320 3120 Regimon·

260 3141 332 3206 tani
354 3141 480 3209 sodalis
503 3143 556 3210 fui
580 3166 799 3233 perannum,
833 3166 894 3231 per
922 3166 981 3210 sex
1015 3147 1191 3210 semestris
1225 3144 1320 3211 semi·

259 3252 354 3334 narii,
389 3274 450 3339 per
485 3253 553 3320 tria
589 3256 715 3338 senior;
755 3254 845 3319 idem
885 3253 1089 3320 Germanico
1129 3253 1321 3339 seminario,

258 3360 348 3446 quod
361 3361 448 3427 Osc.
466 3361 636 3446 Schade,
656 3363 719 3428 viri
731 3363 963 3429 honestissimi
981 3369 1016 3429 et
1027 3362 1319 3448 venerandissimi,

259 3469 421 3559 auspiciis
454 3472 561 3558 viget,
596 3478 699 3559 atque
721 3472 895 3555 historico,
920 3473 976 3539 cui
999 3475 1059 3539 Fr.
1083 3472 1234 3556 Ruehl,
1267 3472 1321 3538 vir

259 3577 533 3664 humanissimus,
560 3587 704 3668 praeest,
729 3605 790 3671 per
812 3581 998 3648 triennium
1021 3575 1152 3648 sodalis'
1169 3581 1322 3650 interfui.

259 3690 440 3756 Praeterea
463 3713 518 3754 me
551 3689 700 3777 benigne
734 3691 946 3758 admiserunt
968 3690 1035 3757 viri
1066 3689 1255 3757 doctissimi
1286 3699 1321 3757 et

258 3797 489 3864 liberalissimi
506 3800 601 3866 Otto
624 3799 836 3867 Rossbach
860 3800 1160 3867 exercitationibus
1183 3800 1320 3866 archae-

258 3906 412 3993 ologicis,
434 3908 535 3993 Aug.
560 3908 819 3976 Brinkmann
843 3913 948 3996 (nunc
964 3910 1165 3992 Bonnensis)
1189 3910 1320 3998 epigra-

257 4015 378 4102 phicis,
409 4018 552 4083 Franc.
575 4017 707 4085 Ruehl
729 4019 1036 4108 palaeographiois‚
1069 4019 1167 4086 Lud.
1193 4023 1319 4087 Busae

258 4123 513 4214 philosophicis,
549 4127 652 4196 Guil.
688 4127 765 4195 Uhl
800 4128 986 4197 theotiscis.
1031 4132 1119 4195 Item
1153 4151 1319 4196 summam

259 4237 407 4317 gratiam
442 4235 550 4302 debeo
585 4237 731 4304 Ludov.
766 4238 882 4326 Jeep,
920 4241 1021 4326 Aug.
1048 4239 1320 4321 Brinhmann,

256 4341 280 4407 J
288 4365 363 4409 can
374 4345 415 4408 ni
440 4345 660 4431 Tolhiehn,
685 4347 767 4416 viris
792 4347 997 4431 clarissimis,
1020 4371 1082 4436 per
1105 4370 1189 4435 quos
1213 4349 1320 4415 latine
