3156 4966
709 465 887 520 -11-
988 427 993 438 ’

265 657 327 700 nos
358 657 492 720 quoque
526 634 665 699 IibroA
701 657 741 700 eo
765 637 877 720 magis
914 634 1064 701 libenter
1096 635 1330 724 principatum

266 743 493 826 concedimus
528 743 619 828 quod
648 743 718 809 tale
752 743 967 810 librariorum
1005 744 1163 810 mendum
1194 749 1329 833 saepius

262 877 327 920 usu
350 852 487 918 venisse
510 852 759 941 pedetemptim
783 852 859 918 aliis
883 854 1049 941 exemplis
1073 875 1159 939 quae
1183 861 1329 936 exstant,

264 966 392 1051 optime
415 962 681 1028 demonstratur.
727 962 885 1028 Proxime
910 963 1027 1048 agitur
1046 965 1087 1028 de
1111 963 1216 1029 schol.
1229 965 1328 1029 Hom.

266 1081 302 1140 N
325 1074 397 1154 103,
432 1070 493 1136 ubi
522 1074 612 1136 inter
644 1070 713 1136 alia
745 1071 894 1156 legimus
929 1077 1054 1156 Χαῖρις
1088 1069 1126 1138 de'
1148 1095 1250 1158 φησιν
1274 1070 1330 1138 oia

263 1175 348 1248 εἶναι
376 1180 409 1246 ἐν
448 1177 659 1264 δισυλλάβοις
696 1174 882 1266 ἀναλογίαν,
920 1200 1023 1264 quam
1061 1181 1219 1266 regulam
1258 1204 1328 1248 non

265 1289 449 1372 ChaeridiS,
467 1288 526 1354 sed
545 1289 700 1354 Charetis
724 1311 799 1354 esse
814 1289 957 1354 Homeri
984 1289 1125 1374 quidam
1158 1290 1329 1378 interpres

263 1399 431 1484 divulgat,
456 1399 553 1464 ouius
576 1397 707 1464 scholia
730 1399 885 1465 continet
908 1396 1083 1483 ccdlteg.
1108 1399 1215 1466 Paris.
1240 1401 1327 1466 2766

263 1532 349 1576 saec.
374 1507 471 1588 XIII,
494 1506 587 1572 haud
611 1506 832 1594 spernendus
867 1513 906 1573 ut
939 1507 1119 1594 praedicat
1143 1511 1330 1592 Cremerae,

263 1619 364 1684 iniis
388 1616 601 1703 praesertim,
630 1638 717 1700 quae
741 1616 786 1682 ad
808 1616 1070 1701 grammaticam
1098 1617 1328 1705 pertinentlfl)

268 1727 386 1792 Nihilo
409 1724 515 1790 setius
539 1745 668 1806 vereor,
702 1747 746 1790 ne
770 1727 807 1791 in
830 1748 943 1792 errore
966 1734 1123 1792 versatus
1160 1726 1215 1808 sit,
1251 1748 1330 1790 cum

265 1834 460 1918 traderetffl)
477 1832 591 1919 Χάρης
615 1833 651 1899 δὲ
674 1831 730 1900 οὐκ
753 1828 839 1900 εἶναι
863 1833 896 1900 ἐν
919 1834 1130 1919 δισυλλάβοις
1145 1831 1331 1920 ἀπολογίαν

266 1945 342 2030 (sio)
366 1941 477 2032 φησίν,
514 1941 550 2006 id
577 1941 668 2026 quod
707 1943 738 2008 si
774 1949 884 2010 totam
922 1945 1110 2010 notationis
1134 1943 1329 2027 dictionem,

255 2061 356 2139 'quae
384 2059 476 2118 certe
497 2051 788 2139 glossographum
812 2053 938 2140 prodit,
960 2053 1148 2134 mittamus
1182 2052 1330 2118 maxime

268 2185 310 2228 ex
345 2161 453 2227 altero
500 2159 705 2242 scholiastae
729 2163 829 2229 vitio
876 2159 1058 2249 ἀπολογίαν
1102 2184 1164 2250 pro
1206 2163 1332 2228 Veneti

266 2269 443 2357 ἀναλογίαν
453 2271 647 2337 luculenter
664 2271 848 2356 colligitur.
879 2271 975 2336 Haec
992 2271 1107 2336 omnia
1127 2271 1330 2356 (hucusque

266 2383 356 2447 enim
379 2403 497 2446 omnes
519 2403 654 2458 mecum
677 2381 800 2446 fecisse
827 2381 1052 2468 speraverIm)
1076 2382 1231 2446 oratione
1254 2404 1328 2469 pro·

268 2490 447 2576 grediente
462 2489 587 2558 summi
601 2491 766 2556 momenti
779 2489 853 2556 fore
876 2493 1069 2556 accuratius
1091 2489 1330 2573 inspicientem

265 2598 481 2682 confugiet.
526 2601 649 2684 Itaque
672 2621 794 2686 parum
809 2621 939 2676 vereor,
962 2621 1005 2663 ne
1028 2599 1085 2664 cui
1107 2598 1259 2664 dementi
1281 2621 1331 2664 ra·

266 2709 361 2776 tione
383 2705 608 2774 fundamenta
634 2731 674 2772 ac
703 2706 888 2791 primordia
918 2707 1020 2772 huius
1049 2709 1331 2774 commentatiun-

267 2817 363 2882 culae
387 2815 512 2906 capitis
535 2816 573 2881 in
594 2817 655 2880 illo
679 2816 829 2882 omnium
851 2816 995 2883 Homeri
1022 2816 1213 2883 studiorum
1234 2841 1330 2904 prae·

268 2925 457 2992 clarissimo
480 2923 577 2989 fonte
600 2925 748 2992 iecerim.

373 3035 396 3100 J
398 3056 453 3098 arn
488 3055 570 3099 vero
602 3033 746 3100 lacinias
779 3035 899 3102 iudicii
932 3034 1108 3100 habemus
1164 3035 1331 3102 Transeat

267 3145 376 3230 igitur
398 3141 587 3230 disputatio
610 3143 655 3208 ad
677 3143 850 3229 fragmina
872 3145 909 3208 in
929 3144 1067 3210 scholiis
1087 3144 1330 3230 Aristophanis
1445 3238 1447 3242 .

267 3260 391 3342 poetae
414 3250 601 3319 recondita.
647 3251 725 3335 Hic,
760 3259 799 3318 ut
833 3276 936 3341 supra
969 3253 1128 3336 vidimus
1154 3253 1331 3320 Ohaeridis

268 3364 396 3429 mentio
430 3362 472 3426 fit
507 3360 551 3425 ad
586 3362 687 3448 Vesp.
713 3364 777 3428 672
813 3370 849 3428 et
876 3363 963 3429 Rau.
991 3366 1085 3429 1028.
1133 3361 1200 3426 Sed
1234 3363 1332 3430 valde

268 3469 451 3555 quaeritur,
464 3491 548 3535 num
556 3469 742 3556 Blauius²¹)
757 3479 850 3536 recto
863 3472 907 3537 ad
919 3494 998 3538 eum
1009 3471 1178 3555 delegarit
1192 3473 1332 3540 tertiam

273 3579 548 3644 observationem
571 3578 614 3643 de
637 3583 799 3664 στροῦθος
821 3581 916 3646 vocis
940 3586 1093 3664 accentu,
1107 3603 1194 3666 quae
1219 3590 1333 3648 exstat

269 3686 373 3752 schol.
399 3689 485 3753 Avv.
515 3688 590 3769 876,
625 3688 685 3753 ubi
717 3690 754 3754 in
789 3689 863 3755 cod.
887 3691 1050 3776 V(eneto)
1084 3690 1257 3774 leguntur,
1292 3702 1332 3757 ut

268 3817 359 3862 nunc
374 3796 519 3861 Zacheri
538 3817 642 3882 opera
658 3796 932 3884 confirmatur‚²²)
958 3797 1056 3863 haec:
1082 3792 1204 3878 ἄλλως·
1227 3797 1330 3888 Ἡρω-

375 3975 418 4040 19)
438 3972 534 4028 Crem.
553 3971 663 4028 Anecd.
682 3971 776 4028 Paris.
796 3973 843 4030 III
861 3991 890 4044 p.
908 3975 969 4029 270.

374 4064 419 4126 20)
438 4062 456 4116 l.
476 4081 500 4118 c.
519 4081 548 4134 p.
566 4064 628 4132 285,
640 4065 683 4118 23.

375 4156 420 4220 21)
439 4155 457 4208 I.
477 4171 501 4208 c.
522 4171 549 4223 p.
570 4154 613 4214 61,

375 4247 421 4313 22>
441 4246 479 4302 V.
499 4242 685 4314 Eganolfium
703 4245 723 4299 I.
742 4262 765 4299 c.
